,Buyer_ID,Personal_Order_Number,Personal_Purchase_Number,Product_ID,Seller_ID,Quantity,Price,Fullfill_Date,Sell_Time
0,2774,0,[1 2 3 4],1354,1067,93,124.97,2011-11-16,16:13:51
1,2777,0,[1],2917,1137,160,9.15,2005-04-27,19:36:26
2,3375,0,[1 2],1847,1007,37,11.83,2003-07-08,14:06:43
3,725,0,[1 2],385,2829,162,8.83,2003-07-08,14:06:43
4,4900,0,[1 2],2189,3680,107,550.68,2003-07-08,14:06:43
5,1586,1,[1 2],2394,4992,17,479.67,2003-07-08,14:06:43
6,1662,1,[1 2],1387,2331,236,39.1,2003-07-08,14:06:43
7,2099,1,[1 2],2218,32,234,223.99,2003-07-08,14:06:43
8,4416,2,[1 2],3679,1490,129,43.06,2003-07-08,14:06:43
9,4759,2,[1 2],3344,1832,209,32.3,2003-07-08,14:06:43
10,1204,2,[1 2],1155,512,34,37.09,2003-07-08,14:06:43
11,549,0,[1],804,2328,11,1037.91,2003-12-21,11:14:28
12,1760,0,[1 2 3],1695,4919,17,6.86,2008-05-11,22:11:05
13,1656,0,[1 2 3 4],1479,2371,19,9.39,2008-05-11,22:11:05
14,2150,0,[1 2 3],2652,798,219,33.96,2008-05-11,22:11:05
15,3705,0,[1],3078,4945,84,11.91,2008-05-11,22:11:05
16,150,1,[1 2 3],681,4878,164,6.09,2008-05-11,22:11:05
17,372,1,[1 2 3 4],3710,3754,65,18.39,2008-05-11,22:11:05
18,779,1,[1 2 3],2332,1800,177,123.05,2008-05-11,22:11:05
19,934,1,[1],2852,3050,19,14.35,2008-05-11,22:11:05
20,382,2,[1 2 3],1778,4403,184,11.68,2008-05-11,22:11:05
21,3640,2,[1 2 3 4],1986,2038,172,7.86,2008-05-11,22:11:05
22,617,2,[1 2 3],3439,4893,49,21.67,2008-05-11,22:11:05
23,230,2,[1],1614,2111,145,14.11,2008-05-11,22:11:05
24,3747,3,[1 2 3],6,1262,247,115.18,2008-05-11,22:11:05
25,1031,3,[1 2 3 4],3067,4475,180,50.77,2008-05-11,22:11:05
26,2812,3,[1 2 3],3080,390,179,14.7,2008-05-11,22:11:05
27,1092,3,[1],352,2808,212,1206.23,2008-05-11,22:11:05
28,4030,0,[1 2 3 4],1877,3010,11,13.99,2018-08-05,02:16:24
29,2222,0,[1 2 3],1225,805,64,42.35,2018-08-05,02:16:24
30,2150,1,[1 2 3 4],1817,4743,214,135.14,2018-08-05,02:16:24
31,3064,1,[1 2 3],2823,1756,59,19.37,2018-08-05,02:16:24
32,64,0,[1 2 3 4],1907,1396,205,16.68,2022-06-06,17:27:04
33,2413,0,[1 2 3],2301,940,98,15.47,2022-06-06,17:27:04
34,4309,0,[1 2 3],3756,365,203,35.74,2022-06-06,17:27:04
35,4446,0,[1 2],103,2398,239,39.48,2022-06-06,17:27:04
36,4351,1,[1 2 3 4],2475,419,88,19.04,2022-06-06,17:27:04
37,1698,1,[1 2 3],1176,4592,37,1555.44,2022-06-06,17:27:04
38,3943,1,[1 2 3],3250,4919,12,20.54,2022-06-06,17:27:04
39,4091,1,[1 2],2075,4996,119,18.96,2022-06-06,17:27:04
40,3379,2,[1 2 3 4],3480,4305,89,5.19,2022-06-06,17:27:04
41,2257,2,[1 2 3],543,2916,87,26.74,2022-06-06,17:27:04
42,3337,2,[1 2 3],1990,434,80,20.82,2022-06-06,17:27:04
43,2470,2,[1 2],2301,940,82,15.47,2022-06-06,17:27:04
44,2716,3,[1 2 3 4],116,2188,117,42.83,2022-06-06,17:27:04
45,4331,3,[1 2 3],2257,4511,34,211.99,2022-06-06,17:27:04
46,3621,3,[1 2 3],2205,3399,132,857.03,2022-06-06,17:27:04
47,4683,3,[1 2],3157,3329,243,27.29,2022-06-06,17:27:04
48,493,0,[1 2 3 4],3377,121,250,35.23,2020-11-19,13:06:53
49,1016,0,[1 2 3 4],1937,3133,159,10.0,2020-11-19,13:06:53
50,2282,0,[1],189,4179,129,16.64,2020-11-19,13:06:53
51,3370,0,[1 2 3 4],2067,3813,70,51.52,2020-11-19,13:06:53
52,165,1,[1 2 3 4],1384,2191,179,151.58,2020-11-19,13:06:53
53,3969,1,[1 2 3 4],2939,708,35,128.64,2020-11-19,13:06:53
54,3148,1,[1],3213,4107,204,92.16,2020-11-19,13:06:53
55,4933,1,[1 2 3 4],1346,3922,28,17.81,2020-11-19,13:06:53
56,2710,2,[1 2 3 4],3166,1648,177,27.97,2020-11-19,13:06:53
57,932,2,[1 2 3 4],210,1710,95,794.73,2020-11-19,13:06:53
58,3039,2,[1],1093,1710,207,67.91,2020-11-19,13:06:53
59,4526,2,[1 2 3 4],248,4541,45,75.54,2020-11-19,13:06:53
60,1842,3,[1 2 3 4],1128,4333,118,19.7,2020-11-19,13:06:53
61,428,3,[1 2 3 4],994,295,196,17.01,2020-11-19,13:06:53
62,4238,3,[1],2484,3785,15,341.53,2020-11-19,13:06:53
63,810,3,[1 2 3 4],3457,146,10,19.81,2020-11-19,13:06:53
64,845,0,[1 2 3 4],3675,4988,246,11.9,2009-07-20,02:02:07
65,9,0,[1 2 3],2561,4339,152,11.03,2009-07-20,02:02:07
66,155,0,[1],1930,4277,250,10.27,2009-07-20,02:02:07
67,2457,0,[1 2],1852,2295,103,20.16,2009-07-20,02:02:07
68,2581,1,[1 2 3 4],1777,1783,4,14.99,2009-07-20,02:02:07
69,566,1,[1 2 3],3576,3818,211,15.51,2009-07-20,02:02:07
70,3246,1,[1],633,1566,182,51.68,2009-07-20,02:02:07
71,4553,1,[1 2],2634,4810,114,52.76,2009-07-20,02:02:07
72,2369,2,[1 2 3 4],2145,2186,19,1048.1,2009-07-20,02:02:07
73,651,2,[1 2 3],1399,2621,206,12.87,2009-07-20,02:02:07
74,13,2,[1],1858,374,101,176.21,2009-07-20,02:02:07
75,119,2,[1 2],2987,4052,122,7.0,2009-07-20,02:02:07
76,3467,3,[1 2 3 4],1045,3357,201,127.52,2009-07-20,02:02:07
77,293,3,[1 2 3],2698,3975,26,17.02,2009-07-20,02:02:07
78,1379,3,[1],2590,3807,30,44.92,2009-07-20,02:02:07
79,590,3,[1 2],1772,243,57,10.61,2009-07-20,02:02:07
80,3939,0,[1],2225,97,98,27.05,2018-06-13,08:09:14
81,3492,0,[1 2 3 4],2862,1860,237,11.64,2018-06-13,08:09:14
82,4376,0,[1 2],2999,936,182,20.22,2018-06-13,08:09:14
83,2798,1,[1],493,2495,4,15.57,2018-06-13,08:09:14
84,549,1,[1 2 3 4],3619,1105,224,49.51,2018-06-13,08:09:14
85,3725,1,[1 2],343,3250,211,21.89,2018-06-13,08:09:14
86,3736,2,[1],2296,2173,169,166.63,2018-06-13,08:09:14
87,788,2,[1 2 3 4],10,4311,37,13.27,2018-06-13,08:09:14
88,1541,2,[1 2],2640,1498,107,55.62,2018-06-13,08:09:14
89,2302,0,[1 2],3044,2882,167,111.32,2015-12-16,12:29:02
90,3128,0,[1],309,3280,20,8.29,2015-12-16,12:29:02
91,2492,0,[1 2],2019,3721,152,19.5,2015-12-16,12:29:02
92,3783,1,[1 2],204,4472,48,38.91,2015-12-16,12:29:02
93,2889,1,[1],275,100,167,15.78,2015-12-16,12:29:02
94,1886,1,[1 2],1060,4345,229,31.06,2015-12-16,12:29:02
95,2908,2,[1 2],2704,3035,66,90.97,2015-12-16,12:29:02
96,2953,2,[1],232,1514,236,17.71,2015-12-16,12:29:02
97,2010,2,[1 2],775,4323,217,20.09,2015-12-16,12:29:02
98,2737,0,[1],1076,2673,111,23.07,2001-01-16,08:32:00
99,1024,0,[1 2],2104,4605,101,66.41,2001-01-16,08:32:00
100,3093,0,[1 2],1054,1495,125,12.06,2001-01-16,08:32:00
101,946,0,[1 2],2841,4823,117,17.76,2001-01-16,08:32:00
102,4789,1,[1],326,4080,12,6.81,2001-01-16,08:32:00
103,3438,1,[1 2],3105,360,103,50.33,2001-01-16,08:32:00
104,174,1,[1 2],2335,389,121,977.59,2001-01-16,08:32:00
105,1849,1,[1 2],2048,4852,71,10.75,2001-01-16,08:32:00
106,4224,2,[1],1630,194,196,16.06,2001-01-16,08:32:00
107,629,2,[1 2],1382,1752,89,9.61,2001-01-16,08:32:00
108,3685,2,[1 2],297,4510,107,12.9,2001-01-16,08:32:00
109,214,2,[1 2],2659,3241,45,23.46,2001-01-16,08:32:00
110,2921,3,[1],322,3162,49,10.04,2001-01-16,08:32:00
111,1317,3,[1 2],1474,4591,229,21.49,2001-01-16,08:32:00
112,683,3,[1 2],1994,2222,154,40.24,2001-01-16,08:32:00
113,3729,3,[1 2],3275,3549,143,31.6,2001-01-16,08:32:00
114,859,0,[1 2 3 4],1339,4997,219,46.16,2015-07-24,06:01:34
115,4967,0,[1 2 3 4],3444,1610,145,15.8,2015-07-24,06:01:34
116,1083,0,[1],2855,798,195,74.48,2015-07-24,06:01:34
117,4320,0,[1 2 3 4],1735,2347,244,15.87,2015-07-24,06:01:34
118,4585,1,[1 2 3 4],2338,1511,2,893.65,2015-07-24,06:01:34
119,2066,1,[1 2 3 4],569,4955,27,22.86,2015-07-24,06:01:34
120,1482,1,[1],2946,3307,51,28.7,2015-07-24,06:01:34
121,1764,1,[1 2 3 4],1573,4130,64,20.09,2015-07-24,06:01:34
122,1019,2,[1 2 3 4],1539,1244,175,13.82,2015-07-24,06:01:34
123,2648,2,[1 2 3 4],3654,1387,104,50.89,2015-07-24,06:01:34
124,410,2,[1],3494,1099,188,13.73,2015-07-24,06:01:34
125,2567,2,[1 2 3 4],766,1560,65,10.41,2015-07-24,06:01:34
126,4699,3,[1 2 3 4],3798,2883,57,207.61,2015-07-24,06:01:34
127,2084,3,[1 2 3 4],1750,4268,105,21.35,2015-07-24,06:01:34
128,4260,3,[1],1980,2528,183,8.75,2015-07-24,06:01:34
129,1227,3,[1 2 3 4],2695,3461,64,15.94,2015-07-24,06:01:34
130,4319,0,[1 2 3 4],2666,2710,36,20.94,2005-09-13,11:41:12
131,926,0,[1 2],2626,2069,147,13.87,2005-09-13,11:41:12
132,3482,0,[1 2 3],2821,4707,81,17.43,2005-09-13,11:41:12
133,1476,1,[1 2 3 4],2409,4227,202,198.75,2005-09-13,11:41:12
134,396,1,[1 2],2070,2914,55,101.39,2005-09-13,11:41:12
135,2065,1,[1 2 3],1790,4004,203,77.25,2005-09-13,11:41:12
136,1478,2,[1 2 3 4],593,3088,191,23.09,2005-09-13,11:41:12
137,1137,2,[1 2],1518,4908,70,14.05,2005-09-13,11:41:12
138,2323,2,[1 2 3],281,2002,82,17.92,2005-09-13,11:41:12
139,2539,0,[1 2],3544,996,80,206.26,2003-06-20,10:24:59
140,4452,0,[1 2 3 4],3230,3236,57,19.32,2003-06-20,10:24:59
141,4249,0,[1 2],547,664,231,22.34,2003-06-20,10:24:59
142,1370,0,[1 2 3 4],2064,3446,97,8.26,2003-06-20,10:24:59
143,1865,1,[1 2],3148,3611,142,18.2,2003-06-20,10:24:59
144,1646,1,[1 2 3 4],3371,4281,106,26.11,2003-06-20,10:24:59
145,9,1,[1 2],1863,4958,69,1043.04,2003-06-20,10:24:59
146,791,1,[1 2 3 4],3432,3593,143,6.71,2003-06-20,10:24:59
147,2310,2,[1 2],2318,1205,59,270.0,2003-06-20,10:24:59
148,2128,2,[1 2 3 4],1026,2031,204,11.16,2003-06-20,10:24:59
149,2908,2,[1 2],966,1371,104,42.2,2003-06-20,10:24:59
150,3135,2,[1 2 3 4],753,1835,86,17.59,2003-06-20,10:24:59
151,1534,3,[1 2],2183,2900,33,144.85,2003-06-20,10:24:59
152,1388,3,[1 2 3 4],3113,3820,217,73.44,2003-06-20,10:24:59
153,1490,3,[1 2],1648,4318,180,14.86,2003-06-20,10:24:59
154,348,3,[1 2 3 4],3127,1037,225,192.98,2003-06-20,10:24:59
155,2951,0,[1 2 3 4],608,665,207,11.49,2005-07-21,22:22:13
156,4446,0,[1 2 3 4],1971,3353,115,10.04,2005-07-21,22:22:13
157,1714,1,[1 2 3 4],1925,2748,131,8.15,2005-07-21,22:22:13
158,3961,1,[1 2 3 4],519,1342,8,9.28,2005-07-21,22:22:13
159,3144,0,[1 2 3 4],3800,532,150,40.22,2013-11-10,17:46:38
160,3979,0,[1],3175,273,149,60.39,2013-11-10,17:46:38
161,4199,0,[1 2 3 4],1503,2529,31,148.97,2013-11-10,17:46:38
162,176,0,[1 2 3],1122,2432,124,2011.62,2013-11-10,17:46:38
163,4487,1,[1 2 3 4],523,222,129,8.35,2013-11-10,17:46:38
164,1579,1,[1],3589,3944,137,149.9,2013-11-10,17:46:38
165,3247,1,[1 2 3 4],3422,3223,99,17.7,2013-11-10,17:46:38
166,3640,1,[1 2 3],1490,3616,4,12.01,2013-11-10,17:46:38
167,3675,2,[1 2 3 4],1863,4761,152,998.38,2013-11-10,17:46:38
168,2687,2,[1],2712,4036,194,52.44,2013-11-10,17:46:38
169,737,2,[1 2 3 4],3330,4666,117,180.95,2013-11-10,17:46:38
170,460,2,[1 2 3],2398,486,147,126.31,2013-11-10,17:46:38
171,868,3,[1 2 3 4],1127,3204,208,24.1,2013-11-10,17:46:38
172,2398,3,[1],2928,3007,217,67.6,2013-11-10,17:46:38
173,3716,3,[1 2 3 4],3335,1484,224,39.33,2013-11-10,17:46:38
174,4542,3,[1 2 3],2279,3469,69,393.0,2013-11-10,17:46:38
175,4135,0,[1],3279,2233,52,35.0,2016-04-05,01:42:39
176,2553,0,[1],3683,4619,40,179.13,2015-03-01,20:53:16
177,4289,0,[1 2 3 4],1135,3665,130,1734.0,2017-07-30,23:50:13
178,3998,0,[1 2 3 4],265,429,112,107.86,2017-07-30,23:50:13
179,625,0,[1 2 3],1544,1268,17,15.74,2017-07-30,23:50:13
180,3117,0,[1 2],1808,4463,213,21.25,2017-07-30,23:50:13
181,2995,1,[1 2 3 4],2981,2015,9,26.82,2017-07-30,23:50:13
182,4240,1,[1 2 3 4],1753,3037,107,10.9,2017-07-30,23:50:13
183,468,1,[1 2 3],1952,3698,203,12.39,2017-07-30,23:50:13
184,729,1,[1 2],3032,441,183,35.4,2017-07-30,23:50:13
185,2883,2,[1 2 3 4],27,4198,125,13.3,2017-07-30,23:50:13
186,921,2,[1 2 3 4],688,1757,91,8.3,2017-07-30,23:50:13
187,4455,2,[1 2 3],2064,3486,136,10.85,2017-07-30,23:50:13
188,296,2,[1 2],364,2212,85,6.44,2017-07-30,23:50:13
189,2156,3,[1 2 3 4],2396,3592,41,223.06,2017-07-30,23:50:13
190,3389,3,[1 2 3 4],1912,1989,167,19.0,2017-07-30,23:50:13
191,205,3,[1 2 3],1663,2201,232,8.6,2017-07-30,23:50:13
192,312,3,[1 2],157,4962,196,5.94,2017-07-30,23:50:13
193,205,0,[1],1193,2071,230,13.91,2008-10-17,12:17:03
194,3038,0,[1],1605,2963,207,22.43,2008-10-17,12:17:03
195,2407,0,[1 2],926,646,12,31.2,2008-10-17,12:17:03
196,1643,0,[1 2 3],3702,4353,49,28.32,2008-10-17,12:17:03
197,1995,1,[1],658,4764,101,8.35,2008-10-17,12:17:03
198,1505,1,[1],632,2384,242,75.28,2008-10-17,12:17:03
199,3499,1,[1 2],234,4949,56,21.91,2008-10-17,12:17:03
200,344,1,[1 2 3],3768,4300,139,126.04,2008-10-17,12:17:03
201,1574,2,[1],2946,3307,137,28.7,2008-10-17,12:17:03
202,4243,2,[1],748,1088,89,32.06,2008-10-17,12:17:03
203,3247,2,[1 2],3543,2006,220,153.71,2008-10-17,12:17:03
204,4785,2,[1 2 3],1175,4066,87,68.89,2008-10-17,12:17:03
205,2271,3,[1],3693,1148,190,120.02,2008-10-17,12:17:03
206,3910,3,[1],707,297,137,18.2,2008-10-17,12:17:03
207,4289,3,[1 2],148,3637,117,1422.71,2008-10-17,12:17:03
208,3118,3,[1 2 3],2450,4072,200,8.1,2008-10-17,12:17:03
209,894,0,[1 2],1095,4409,245,26.32,2009-03-19,07:56:16
210,3850,0,[1 2 3],2190,2530,18,1145.7,2009-03-19,07:56:16
211,3230,0,[1 2 3 4],3599,1759,50,6.89,2009-03-19,07:56:16
212,3481,1,[1 2],3231,1749,174,13.6,2009-03-19,07:56:16
213,3134,1,[1 2 3],368,1695,250,15.79,2009-03-19,07:56:16
214,1187,1,[1 2 3 4],14,4032,32,33.55,2009-03-19,07:56:16
215,1898,2,[1 2],844,3724,57,97.76,2009-03-19,07:56:16
216,469,2,[1 2 3],254,1789,147,13.51,2009-03-19,07:56:16
217,3272,2,[1 2 3 4],2198,4001,29,803.0,2009-03-19,07:56:16
218,2589,0,[1 2],3501,3014,126,15.48,2013-10-02,16:58:28
219,3838,0,[1 2],16,4186,49,26.19,2013-10-02,16:58:28
220,4948,1,[1 2],324,3729,207,8.98,2013-10-02,16:58:28
221,702,1,[1 2],1876,259,97,12.6,2013-10-02,16:58:28
222,514,0,[1 2 3 4],69,414,54,8.55,2004-09-12,22:00:35
223,4697,0,[1],2814,1909,181,19.42,2004-09-12,22:00:35
224,2431,0,[1],1731,876,93,24.09,2004-09-12,22:00:35
225,4817,1,[1 2 3 4],2916,4333,87,646.17,2004-09-12,22:00:35
226,2457,1,[1],473,4118,170,18.3,2004-09-12,22:00:35
227,3430,1,[1],2012,246,232,18.37,2004-09-12,22:00:35
228,2436,2,[1 2 3 4],3569,980,92,470.02,2004-09-12,22:00:35
229,2045,2,[1],636,253,148,32.08,2004-09-12,22:00:35
230,4645,2,[1],1083,2602,205,55.64,2004-09-12,22:00:35
231,4080,0,[1 2 3 4],965,3188,161,22.32,2011-03-12,15:04:48
232,1642,0,[1],3141,237,197,52.8,2022-05-30,23:59:14
233,3379,0,[1 2 3 4],2781,3390,171,8.1,2022-05-30,23:59:14
234,4690,0,[1],1790,3588,197,65.59,2022-05-30,23:59:14
235,1029,1,[1],1853,2848,97,9.77,2022-05-30,23:59:14
236,3762,1,[1 2 3 4],424,305,225,10.97,2022-05-30,23:59:14
237,1122,1,[1],801,288,141,59.06,2022-05-30,23:59:14
238,4887,2,[1],800,1602,171,86.68,2022-05-30,23:59:14
239,2372,2,[1 2 3 4],2802,401,50,289.25,2022-05-30,23:59:14
240,1767,2,[1],1414,1640,115,53.02,2022-05-30,23:59:14
241,2929,0,[1 2 3],331,391,75,9.46,2008-10-19,02:28:24
242,3724,0,[1 2 3],342,2918,118,13.92,2008-10-19,02:28:24
243,4454,0,[1 2 3 4],1096,2780,18,77.36,2008-10-19,02:28:24
244,3014,1,[1 2 3],123,808,24,15.5,2008-10-19,02:28:24
245,4041,1,[1 2 3],2150,3379,130,389.26,2008-10-19,02:28:24
246,4780,1,[1 2 3 4],3276,1468,2,7.57,2008-10-19,02:28:24
247,2359,2,[1 2 3],408,4442,235,10.2,2008-10-19,02:28:24
248,1745,2,[1 2 3],1804,1190,127,10.34,2008-10-19,02:28:24
249,4371,2,[1 2 3 4],20,2471,5,10.1,2008-10-19,02:28:24
250,742,0,[1 2 3 4],836,129,135,9.94,2005-10-28,11:11:09
251,3461,0,[1 2 3],3182,889,145,16.76,2005-10-28,11:11:09
252,2040,0,[1 2],2809,426,248,25.52,2005-10-28,11:11:09
253,2684,0,[1 2],3516,3997,130,18.95,2005-10-28,11:11:09
254,2208,1,[1 2 3 4],2335,2332,222,857.61,2005-10-28,11:11:09
255,4393,1,[1 2 3],3459,3556,214,20.36,2005-10-28,11:11:09
256,3189,1,[1 2],2207,2487,209,21.09,2005-10-28,11:11:09
257,3532,1,[1 2],1064,1604,219,100.61,2005-10-28,11:11:09
258,2011,2,[1 2 3 4],354,2476,88,11.49,2005-10-28,11:11:09
259,1517,2,[1 2 3],1858,374,4,176.21,2005-10-28,11:11:09
260,1017,2,[1 2],3440,4125,79,10.15,2005-10-28,11:11:09
261,3644,2,[1 2],747,4941,6,58.83,2005-10-28,11:11:09
262,3968,3,[1 2 3 4],2059,2293,168,8.53,2005-10-28,11:11:09
263,4640,3,[1 2 3],803,3938,243,1744.22,2005-10-28,11:11:09
264,1804,3,[1 2],3371,4281,175,26.11,2005-10-28,11:11:09
265,598,3,[1 2],130,2350,12,64.47,2005-10-28,11:11:09
266,2918,0,[1 2 3 4],314,3295,153,21.55,2018-12-28,01:47:00
267,3406,0,[1],2295,3968,178,222.39,2018-12-28,01:47:00
268,4839,1,[1 2 3 4],1575,3698,212,19.41,2018-12-28,01:47:00
269,358,1,[1],2358,822,165,160.64,2018-12-28,01:47:00
270,2104,0,[1 2 3],2464,3432,15,88.81,2004-03-17,18:02:56
271,3156,0,[1 2],1056,4462,178,2295.7,2004-03-17,18:02:56
272,641,0,[1],1636,4596,129,13.39,2004-03-17,18:02:56
273,1280,1,[1 2 3],253,4520,59,76.63,2004-03-17,18:02:56
274,3312,1,[1 2],547,1457,23,23.63,2004-03-17,18:02:56
275,857,1,[1],1979,614,87,19.46,2004-03-17,18:02:56
276,2425,2,[1 2 3],2604,3704,119,992.95,2004-03-17,18:02:56
277,3594,2,[1 2],177,2057,11,9.61,2004-03-17,18:02:56
278,2730,2,[1],887,2930,191,11.97,2004-03-17,18:02:56
279,1171,0,[1 2 3 4],266,789,35,17.69,2010-11-02,21:50:10
280,3986,0,[1 2 3 4],1496,3201,66,12.9,2010-11-02,21:50:10
281,3481,1,[1 2 3 4],129,4915,78,8.11,2010-11-02,21:50:10
282,2014,1,[1 2 3 4],690,4099,117,11.45,2010-11-02,21:50:10
283,2832,0,[1 2],3228,29,41,29.31,2018-03-07,00:50:50
284,3773,0,[1 2],1850,4216,210,27.08,2018-08-25,22:22:53
285,18,0,[1 2],3640,772,232,477.43,2018-08-25,22:22:53
286,614,0,[1],3673,4876,208,49.64,2018-08-25,22:22:53
287,3124,0,[1 2 3],986,2726,75,8.3,2018-08-25,22:22:53
288,4886,1,[1 2],3443,3738,59,11.6,2018-08-25,22:22:53
289,778,1,[1 2],1769,2855,147,11.75,2018-08-25,22:22:53
290,1523,1,[1],900,1510,221,10.83,2018-08-25,22:22:53
291,1473,1,[1 2 3],3625,4233,220,332.51,2018-08-25,22:22:53
292,4325,2,[1 2],199,2987,214,11.8,2018-08-25,22:22:53
293,2127,2,[1 2],497,2584,198,13.73,2018-08-25,22:22:53
294,4057,2,[1],1394,342,182,13.26,2018-08-25,22:22:53
295,4317,2,[1 2 3],2596,4032,223,9.35,2018-08-25,22:22:53
296,4874,3,[1 2],2920,915,180,8.65,2018-08-25,22:22:53
297,2240,3,[1 2],576,2183,138,8.03,2018-08-25,22:22:53
298,4564,3,[1],526,1389,12,14.07,2018-08-25,22:22:53
299,2162,3,[1 2 3],1131,1562,169,14.92,2018-08-25,22:22:53
300,4005,0,[1 2 3],3188,2355,36,20.85,2008-06-05,13:49:06
301,4204,0,[1],1091,285,49,112.97,2008-06-05,13:49:06
302,2085,1,[1 2 3],2328,4370,103,102.38,2008-06-05,13:49:06
303,4561,1,[1],2309,3329,25,385.73,2008-06-05,13:49:06
304,3249,0,[1 2 3],981,602,183,136.97,2015-07-18,13:01:17
305,3947,0,[1 2],2784,3833,211,51.47,2015-07-18,13:01:17
306,2874,0,[1 2 3 4],3694,3308,199,5.25,2015-07-18,13:01:17
307,4523,0,[1],2521,2193,185,22.75,2015-07-18,13:01:17
308,131,1,[1 2 3],1499,1265,168,29.96,2015-07-18,13:01:17
309,835,1,[1 2],2820,2990,181,16.8,2015-07-18,13:01:17
310,55,1,[1 2 3 4],2042,2836,209,14.89,2015-07-18,13:01:17
311,4163,1,[1],48,517,123,10.3,2015-07-18,13:01:17
312,195,2,[1 2 3],1288,4829,197,38.93,2015-07-18,13:01:17
313,490,2,[1 2],3109,3158,40,12.19,2015-07-18,13:01:17
314,2789,2,[1 2 3 4],2542,1488,82,244.35,2015-07-18,13:01:17
315,4268,2,[1],205,2197,235,7.86,2015-07-18,13:01:17
316,1282,3,[1 2 3],377,1760,121,26.56,2015-07-18,13:01:17
317,4699,3,[1 2],1724,2363,17,865.24,2015-07-18,13:01:17
318,1843,3,[1 2 3 4],900,1456,120,10.8,2015-07-18,13:01:17
319,1518,3,[1],314,1459,176,19.68,2015-07-18,13:01:17
320,3980,0,[1 2],2031,3305,97,8.09,2007-05-14,10:00:49
321,81,0,[1 2],1927,2328,189,157.47,2014-12-16,02:22:52
322,125,0,[1 2 3 4],2070,2914,245,101.39,2014-12-16,02:22:52
323,3701,0,[1 2],3156,1251,199,297.01,2014-12-16,02:22:52
324,3692,0,[1],3364,2890,66,56.18,2014-12-16,02:22:52
325,684,1,[1 2],219,3974,179,75.69,2014-12-16,02:22:52
326,4687,1,[1 2 3 4],1367,4599,146,17.44,2014-12-16,02:22:52
327,49,1,[1 2],794,742,172,10.76,2014-12-16,02:22:52
328,4421,1,[1],541,3713,115,86.93,2014-12-16,02:22:52
329,3061,2,[1 2],2908,983,219,1061.57,2014-12-16,02:22:52
330,230,2,[1 2 3 4],3267,36,137,180.1,2014-12-16,02:22:52
331,1999,2,[1 2],135,4168,216,27.94,2014-12-16,02:22:52
332,3312,2,[1],1237,1521,50,18.89,2014-12-16,02:22:52
333,4022,3,[1 2],648,3661,220,2099.35,2014-12-16,02:22:52
334,1329,3,[1 2 3 4],353,1829,93,1204.99,2014-12-16,02:22:52
335,767,3,[1 2],3423,4904,82,1061.39,2014-12-16,02:22:52
336,237,3,[1],965,1021,91,17.88,2014-12-16,02:22:52
337,3539,0,[1 2 3],840,265,211,13.69,2014-03-09,08:35:53
338,789,0,[1 2],3258,2734,170,9.6,2014-03-09,08:35:53
339,3363,0,[1 2],2097,2595,244,8.72,2014-03-09,08:35:53
340,3530,0,[1 2 3],3341,2259,35,174.85,2014-03-09,08:35:53
341,3092,1,[1 2 3],2544,326,19,16.76,2014-03-09,08:35:53
342,999,1,[1 2],916,3443,250,12.47,2014-03-09,08:35:53
343,3816,1,[1 2],100,138,131,28.47,2014-03-09,08:35:53
344,4452,1,[1 2 3],2800,3834,4,55.38,2014-03-09,08:35:53
345,789,2,[1 2 3],1558,3222,99,28.01,2014-03-09,08:35:53
346,1601,2,[1 2],769,4337,43,9.87,2014-03-09,08:35:53
347,4487,2,[1 2],1425,1656,235,12.2,2014-03-09,08:35:53
348,4823,2,[1 2 3],2238,697,191,987.6,2014-03-09,08:35:53
349,658,3,[1 2 3],1677,653,242,152.99,2014-03-09,08:35:53
350,3251,3,[1 2],435,161,86,27.43,2014-03-09,08:35:53
351,4901,3,[1 2],2457,646,146,975.75,2014-03-09,08:35:53
352,372,3,[1 2 3],3167,4598,225,20.7,2014-03-09,08:35:53
353,1405,0,[1 2 3 4],2522,3434,33,851.61,2005-10-16,14:57:12
354,3573,0,[1 2 3 4],155,1417,150,18.11,2005-10-16,14:57:12
355,4823,0,[1 2 3 4],2256,2864,206,303.04,2005-10-16,14:57:12
356,4538,1,[1 2 3 4],3392,4347,243,31.0,2005-10-16,14:57:12
357,4782,1,[1 2 3 4],1064,2077,156,100.19,2005-10-16,14:57:12
358,3223,1,[1 2 3 4],355,2341,58,28.74,2005-10-16,14:57:12
359,1375,2,[1 2 3 4],717,860,171,139.09,2005-10-16,14:57:12
360,941,2,[1 2 3 4],2501,1766,212,8.43,2005-10-16,14:57:12
361,1527,2,[1 2 3 4],324,4541,185,8.15,2005-10-16,14:57:12
362,1022,0,[1 2 3],596,1489,164,158.85,2013-01-16,15:25:41
363,1731,0,[1],2898,4288,88,13.73,2003-09-16,16:16:46
364,4812,0,[1 2],1502,2962,222,13.8,2003-03-15,21:27:17
365,4380,0,[1 2],573,4826,48,6.23,2012-01-31,01:47:32
366,3519,0,[1 2 3 4],713,4820,169,37.79,2012-01-31,01:47:32
367,4467,0,[1 2],437,3763,92,28.07,2012-01-31,01:47:32
368,4109,1,[1 2],2487,4194,34,219.2,2012-01-31,01:47:32
369,1900,1,[1 2 3 4],200,1293,232,20.44,2012-01-31,01:47:32
370,2020,1,[1 2],2689,4760,172,35.13,2012-01-31,01:47:32
371,2676,2,[1 2],520,728,158,1541.4,2012-01-31,01:47:32
372,100,2,[1 2 3 4],2434,2052,110,95.24,2012-01-31,01:47:32
373,894,2,[1 2],3433,3971,80,8.56,2012-01-31,01:47:32
374,4011,0,[1 2],2648,1961,9,19.48,2021-08-04,09:12:11
375,3120,0,[1 2],2335,2332,77,857.61,2001-06-24,05:50:01
376,3833,0,[1 2],3050,1237,45,55.24,2001-06-24,05:50:01
377,4069,1,[1 2],2314,4659,215,169.63,2001-06-24,05:50:01
378,3322,1,[1 2],1847,1007,41,11.83,2001-06-24,05:50:01
379,1943,0,[1 2],434,3177,222,16.53,2014-06-02,08:43:08
380,3659,0,[1 2 3],2386,2614,35,86.31,2014-06-02,08:43:08
381,4829,1,[1 2],2208,3860,34,247.75,2014-06-02,08:43:08
382,4295,1,[1 2 3],2420,987,34,31.3,2014-06-02,08:43:08
383,2117,0,[1 2 3 4],3387,4155,174,11.77,2007-01-19,01:23:52
384,2177,0,[1 2],566,3943,34,19.03,2007-01-19,01:23:52
385,440,0,[1 2 3 4],92,808,93,13.22,2007-01-19,01:23:52
386,890,1,[1 2 3 4],2382,2062,207,547.01,2007-01-19,01:23:52
387,878,1,[1 2],1396,2244,147,6.08,2007-01-19,01:23:52
388,2637,1,[1 2 3 4],1184,439,249,9.18,2007-01-19,01:23:52
389,1550,2,[1 2 3 4],996,4292,218,17.67,2007-01-19,01:23:52
390,4197,2,[1 2],2347,3927,78,299.52,2007-01-19,01:23:52
391,3760,2,[1 2 3 4],3459,1672,25,18.92,2007-01-19,01:23:52
392,3322,0,[1],2244,4349,199,284.37,2013-06-19,17:42:00
393,1951,0,[1 2 3 4],366,4403,161,24.04,2013-06-19,17:42:00
394,880,1,[1],2330,2213,49,821.12,2013-06-19,17:42:00
395,613,1,[1 2 3 4],3175,3916,17,57.25,2013-06-19,17:42:00
396,954,0,[1 2 3 4],3529,4021,41,38.01,2004-11-06,23:15:19
397,796,0,[1 2 3],391,861,222,42.33,2011-04-24,17:18:04
398,3744,0,[1 2 3],2209,935,107,42.91,2013-06-22,06:42:04
399,4958,0,[1 2],3818,1423,76,19.13,2013-06-22,06:42:04
400,1468,0,[1],347,619,139,25.47,2013-06-22,06:42:04
401,3253,1,[1 2 3],2757,4849,238,31.49,2013-06-22,06:42:04
402,2307,1,[1 2],2304,2969,147,476.67,2013-06-22,06:42:04
403,1477,1,[1],3249,2806,97,18.89,2013-06-22,06:42:04
404,2287,2,[1 2 3],449,749,15,9.51,2013-06-22,06:42:04
405,14,2,[1 2],881,3532,166,29.53,2013-06-22,06:42:04
406,2924,2,[1],2605,1948,134,254.32,2013-06-22,06:42:04
407,1553,0,[1 2],3276,1468,121,7.57,2017-02-19,07:56:55
408,460,0,[1 2],2303,4935,146,257.8,2017-02-19,07:56:55
409,140,0,[1 2 3 4],1630,2721,48,17.89,2017-02-19,07:56:55
410,1801,0,[1 2],1732,1232,135,16.06,2017-02-19,07:56:55
411,1334,1,[1 2],1433,1874,67,21.93,2017-02-19,07:56:55
412,464,1,[1 2],1587,1867,159,6.94,2017-02-19,07:56:55
413,2163,1,[1 2 3 4],960,4470,162,30.68,2017-02-19,07:56:55
414,25,1,[1 2],3644,1532,186,29.28,2017-02-19,07:56:55
415,3241,2,[1 2],1263,638,57,26.07,2017-02-19,07:56:55
416,1565,2,[1 2],3454,4916,142,227.3,2017-02-19,07:56:55
417,3865,2,[1 2 3 4],1215,2730,215,1498.1,2017-02-19,07:56:55
418,3954,2,[1 2],3294,1049,204,20.69,2017-02-19,07:56:55
419,4376,3,[1 2],3122,2643,33,43.21,2017-02-19,07:56:55
420,1009,3,[1 2],2814,35,148,22.54,2017-02-19,07:56:55
421,2234,3,[1 2 3 4],2587,2662,179,66.69,2017-02-19,07:56:55
422,3684,3,[1 2],1879,386,17,6.99,2017-02-19,07:56:55
423,3340,0,[1 2 3],3738,401,38,31.49,2013-05-18,05:55:19
424,1621,0,[1 2 3],1444,956,66,16.51,2013-05-18,05:55:19
425,56,0,[1 2 3],492,3231,104,64.22,2013-05-18,05:55:19
426,2946,1,[1 2 3],1837,3370,174,25.64,2013-05-18,05:55:19
427,988,1,[1 2 3],1807,4714,215,9.4,2013-05-18,05:55:19
428,3033,1,[1 2 3],3543,2006,174,153.71,2013-05-18,05:55:19
429,4059,2,[1 2 3],1413,509,250,26.38,2013-05-18,05:55:19
430,4136,2,[1 2 3],3010,205,52,11.47,2013-05-18,05:55:19
431,1272,2,[1 2 3],3269,4750,221,13.17,2013-05-18,05:55:19
432,4807,0,[1 2 3 4],2332,2634,197,127.54,2018-12-24,13:19:33
433,4568,0,[1 2 3 4],2708,4620,38,28.95,2018-12-24,13:19:33
434,2653,0,[1 2 3],927,1222,131,41.0,2018-12-24,13:19:33
435,3418,0,[1 2 3],2189,4761,246,525.94,2018-12-24,13:19:33
436,642,1,[1 2 3 4],1108,4580,31,17.97,2018-12-24,13:19:33
437,337,1,[1 2 3 4],1778,1496,120,10.36,2018-12-24,13:19:33
438,1659,1,[1 2 3],1676,31,71,7.63,2018-12-24,13:19:33
439,4314,1,[1 2 3],1512,378,134,500.72,2018-12-24,13:19:33
440,1999,2,[1 2 3 4],2271,493,119,25.68,2018-12-24,13:19:33
441,1202,2,[1 2 3 4],806,1873,87,94.4,2018-12-24,13:19:33
442,3422,2,[1 2 3],2490,269,181,14.26,2018-12-24,13:19:33
443,3088,2,[1 2 3],447,152,196,12.19,2018-12-24,13:19:33
444,4232,3,[1 2 3 4],2348,3598,141,383.93,2018-12-24,13:19:33
445,3659,3,[1 2 3 4],3157,4905,76,29.86,2018-12-24,13:19:33
446,478,3,[1 2 3],1808,897,77,22.5,2018-12-24,13:19:33
447,1997,3,[1 2 3],2582,1219,50,606.62,2018-12-24,13:19:33
448,2636,0,[1],1033,3026,71,23.96,2022-06-27,07:57:39
449,2822,0,[1 2 3 4],1659,1213,194,29.0,2022-06-27,07:57:39
450,4168,0,[1 2 3 4],1359,881,205,5.88,2022-06-27,07:57:39
451,4414,1,[1],1033,3026,139,23.96,2022-06-27,07:57:39
452,1350,1,[1 2 3 4],2670,606,198,766.82,2022-06-27,07:57:39
453,4646,1,[1 2 3 4],565,765,152,35.95,2022-06-27,07:57:39
454,1451,2,[1],963,3844,180,108.71,2022-06-27,07:57:39
455,697,2,[1 2 3 4],1769,2844,37,11.15,2022-06-27,07:57:39
456,3758,2,[1 2 3 4],471,711,32,848.16,2022-06-27,07:57:39
457,3107,0,[1 2],1641,1212,153,6.62,2005-08-21,20:52:39
458,421,0,[1],3572,3220,213,45.14,2005-08-21,20:52:39
459,2411,0,[1],1616,2115,218,22.02,2005-08-21,20:52:39
460,4865,1,[1 2],94,961,28,9.05,2005-08-21,20:52:39
461,2863,1,[1],3561,1879,50,31.02,2005-08-21,20:52:39
462,2141,1,[1],2284,4934,32,85.96,2005-08-21,20:52:39
463,2993,2,[1 2],2677,3156,189,84.88,2005-08-21,20:52:39
464,3987,2,[1],1912,1989,176,19.0,2005-08-21,20:52:39
465,1988,2,[1],2976,3120,8,85.2,2005-08-21,20:52:39
466,1280,0,[1 2 3],2861,1813,41,20.3,2003-01-26,11:19:48
467,4400,0,[1],1907,1396,170,16.68,2003-01-26,11:19:48
468,1100,0,[1 2 3],1004,1593,241,21.98,2003-01-26,11:19:48
469,247,0,[1 2 3 4],782,4704,140,209.33,2003-01-26,11:19:48
470,1778,1,[1 2 3],1436,3663,35,9.58,2003-01-26,11:19:48
471,2058,1,[1],705,2136,77,85.77,2003-01-26,11:19:48
472,321,1,[1 2 3],1127,3204,160,24.1,2003-01-26,11:19:48
473,1367,1,[1 2 3 4],2432,2526,205,44.41,2003-01-26,11:19:48
474,4893,2,[1 2 3],3753,3481,74,41.78,2003-01-26,11:19:48
475,831,2,[1],3479,3402,46,28.09,2003-01-26,11:19:48
476,462,2,[1 2 3],3516,3997,180,18.95,2003-01-26,11:19:48
477,2195,2,[1 2 3 4],2893,3806,174,117.71,2003-01-26,11:19:48
478,2106,3,[1 2 3],599,4320,142,11.55,2003-01-26,11:19:48
479,438,3,[1],2269,3500,30,20.1,2003-01-26,11:19:48
480,2455,3,[1 2 3],557,4727,166,1311.36,2003-01-26,11:19:48
481,2297,3,[1 2 3 4],404,3397,118,1067.47,2003-01-26,11:19:48
482,4481,0,[1],1021,3151,229,55.51,2016-08-30,08:19:01
483,1281,0,[1 2 3 4],751,1928,156,21.35,2016-08-30,08:19:01
484,755,1,[1],2223,915,178,524.62,2016-08-30,08:19:01
485,1489,1,[1 2 3 4],1223,633,7,70.32,2016-08-30,08:19:01
486,1438,0,[1],3340,697,151,13.07,2009-10-05,23:55:07
487,4714,0,[1 2],2934,811,194,13.44,2004-10-14,01:26:34
488,1581,0,[1 2 3],2990,3223,187,437.3,2000-10-05,23:56:54
489,4291,0,[1 2 3 4],1289,1078,230,26.81,2000-10-05,23:56:54
490,1188,1,[1 2 3],3060,296,69,45.97,2000-10-05,23:56:54
491,1311,1,[1 2 3 4],1292,3509,233,70.14,2000-10-05,23:56:54
492,2380,0,[1],1681,4039,91,27.81,2013-04-27,10:00:31
493,1560,0,[1 2],3350,2492,187,95.93,2013-04-27,10:00:31
494,3106,1,[1],526,1089,101,14.44,2013-04-27,10:00:31
495,2198,1,[1 2],2586,3166,158,9.39,2013-04-27,10:00:31
496,2302,0,[1],1619,1809,210,7.92,2003-03-17,19:21:01
497,1701,0,[1 2 3],1157,2592,43,309.5,2003-03-17,19:21:01
498,1444,1,[1],3569,2881,7,456.25,2003-03-17,19:21:01
499,4641,1,[1 2 3],3139,3233,56,58.65,2003-03-17,19:21:01
500,2191,0,[1 2 3],1490,3616,99,12.01,2018-01-02,11:11:29
501,288,0,[1 2 3],2066,2718,204,26.63,2003-11-21,09:07:27
502,1975,0,[1],448,3922,112,35.57,2003-11-21,09:07:27
503,2280,0,[1 2 3 4],3569,3931,18,464.61,2003-11-21,09:07:27
504,964,0,[1],1332,2754,85,5.48,2003-11-21,09:07:27
505,1560,1,[1 2 3],265,3622,239,102.24,2003-11-21,09:07:27
506,2368,1,[1],910,2385,9,51.51,2003-11-21,09:07:27
507,108,1,[1 2 3 4],2119,2076,60,1089.62,2003-11-21,09:07:27
508,775,1,[1],3274,20,236,51.69,2003-11-21,09:07:27
509,1112,2,[1 2 3],1988,643,159,13.33,2003-11-21,09:07:27
510,4726,2,[1],645,3559,109,22.27,2003-11-21,09:07:27
511,1844,2,[1 2 3 4],3412,83,219,8.16,2003-11-21,09:07:27
512,2815,2,[1],3797,2644,185,162.82,2003-11-21,09:07:27
513,4112,3,[1 2 3],2800,1419,75,60.1,2003-11-21,09:07:27
514,1104,3,[1],3315,2617,70,25.18,2003-11-21,09:07:27
515,1272,3,[1 2 3 4],766,704,205,8.48,2003-11-21,09:07:27
516,2083,3,[1],445,1722,136,13.22,2003-11-21,09:07:27
517,4412,0,[1],794,4680,232,9.89,2022-09-20,08:12:12
518,209,0,[1 2 3],958,839,158,27.5,2022-09-20,08:12:12
519,769,1,[1],2856,1578,33,213.56,2022-09-20,08:12:12
520,2064,1,[1 2 3],1424,2920,17,15.36,2022-09-20,08:12:12
521,1055,0,[1 2 3],1197,1125,123,12.85,2011-09-23,07:20:58
522,1847,0,[1 2 3],1493,4329,109,112.84,2011-04-15,13:16:20
523,208,0,[1 2 3],2563,3876,109,9.99,2006-01-26,21:31:21
524,1649,0,[1],1490,3983,240,13.81,2006-01-26,21:31:21
525,2136,0,[1 2],2819,1278,74,369.49,2006-01-26,21:31:21
526,2372,0,[1 2 3],3395,4319,45,61.93,2006-01-26,21:31:21
527,1806,1,[1 2 3],628,3945,36,117.35,2006-01-26,21:31:21
528,1897,1,[1],3197,3957,219,107.57,2006-01-26,21:31:21
529,284,1,[1 2],2945,1712,213,14.08,2006-01-26,21:31:21
530,2385,1,[1 2 3],1312,4737,22,99.82,2006-01-26,21:31:21
531,4566,2,[1 2 3],3606,330,234,28.6,2006-01-26,21:31:21
532,1698,2,[1],2940,3743,51,48.12,2006-01-26,21:31:21
533,4664,2,[1 2],3344,931,53,37.38,2006-01-26,21:31:21
534,3066,2,[1 2 3],339,710,187,22.46,2006-01-26,21:31:21
535,3627,3,[1 2 3],910,2930,122,51.22,2006-01-26,21:31:21
536,2596,3,[1],2121,3994,64,252.93,2006-01-26,21:31:21
537,516,3,[1 2],2768,3618,71,30.27,2006-01-26,21:31:21
538,3625,3,[1 2 3],319,3069,17,10.72,2006-01-26,21:31:21
539,1032,0,[1 2],2825,25,160,98.87,2007-09-23,08:00:15
540,932,0,[1 2 3 4],1462,3227,171,33.71,2007-09-23,08:00:15
541,4438,1,[1 2],3813,610,128,45.71,2007-09-23,08:00:15
542,2196,1,[1 2 3 4],2822,1567,145,44.63,2007-09-23,08:00:15
543,1281,0,[1 2 3],3126,2043,229,39.71,2006-06-15,08:55:36
544,1250,0,[1 2],2731,193,136,71.37,2006-06-15,08:55:36
545,612,0,[1],3648,1913,6,66.13,2006-06-15,08:55:36
546,2007,1,[1 2 3],2161,2682,229,365.8,2006-06-15,08:55:36
547,2484,1,[1 2],3782,160,5,7.02,2006-06-15,08:55:36
548,3291,1,[1],3383,4799,97,12.52,2006-06-15,08:55:36
549,1992,2,[1 2 3],3045,3161,154,31.55,2006-06-15,08:55:36
550,4413,2,[1 2],1532,3883,147,37.26,2006-06-15,08:55:36
551,552,2,[1],1546,1282,126,29.19,2006-06-15,08:55:36
552,4066,0,[1],2701,4291,113,22.38,2021-09-22,15:57:55
553,3584,0,[1 2 3],1214,1840,90,38.69,2021-09-22,15:57:55
554,233,0,[1],1727,39,92,13.02,2021-09-22,15:57:55
555,2278,1,[1],3725,3020,55,26.7,2021-09-22,15:57:55
556,4145,1,[1 2 3],2103,3848,151,43.26,2021-09-22,15:57:55
557,3097,1,[1],256,273,227,14.49,2021-09-22,15:57:55
558,966,2,[1],2185,1227,203,289.92,2021-09-22,15:57:55
559,4848,2,[1 2 3],1558,4188,233,30.99,2021-09-22,15:57:55
560,2596,2,[1],2142,4026,37,689.17,2021-09-22,15:57:55
561,3536,0,[1 2],2927,1548,77,43.83,2016-08-17,04:36:55
562,4141,0,[1 2 3 4],685,4730,44,181.95,2016-08-17,04:36:55
563,3220,0,[1 2],3174,2920,19,28.06,2016-08-17,04:36:55
564,1350,1,[1 2],504,4853,105,4.58,2016-08-17,04:36:55
565,2849,1,[1 2 3 4],228,3178,128,2016.85,2016-08-17,04:36:55
566,3444,1,[1 2],683,4624,105,65.77,2016-08-17,04:36:55
567,2020,2,[1 2],2335,2332,65,857.61,2016-08-17,04:36:55
568,1186,2,[1 2 3 4],3041,4244,185,141.43,2016-08-17,04:36:55
569,4301,2,[1 2],3446,697,169,6.02,2016-08-17,04:36:55
570,210,0,[1 2],196,2545,142,41.51,2003-01-24,08:25:02
571,1763,0,[1 2],641,1475,250,38.11,2004-11-09,13:18:47
572,4909,0,[1],3379,3878,175,9.9,2004-11-09,13:18:47
573,2790,0,[1],3419,2347,51,591.07,2004-11-09,13:18:47
574,3214,1,[1 2],3493,4392,176,42.05,2004-11-09,13:18:47
575,4198,1,[1],3662,4049,185,141.13,2004-11-09,13:18:47
576,1527,1,[1],212,2228,233,22.88,2004-11-09,13:18:47
577,4216,2,[1 2],919,2257,126,6.0,2004-11-09,13:18:47
578,3831,2,[1],2340,2277,46,502.94,2004-11-09,13:18:47
579,3283,2,[1],2957,476,65,96.75,2004-11-09,13:18:47
580,2190,0,[1 2],1694,3409,238,28.5,2000-02-22,21:35:36
581,4750,0,[1 2 3],2221,2510,31,912.31,2005-12-03,20:49:59
582,65,0,[1 2 3 4],2241,3751,136,229.68,2008-03-13,01:00:39
583,3227,0,[1 2],2596,3449,97,10.14,2008-03-13,01:00:39
584,3807,0,[1 2],285,1572,193,14.4,2008-03-13,01:00:39
585,3350,0,[1 2 3 4],1811,3721,42,10.68,2008-03-13,01:00:39
586,991,1,[1 2 3 4],2109,4027,7,270.74,2008-03-13,01:00:39
587,1778,1,[1 2],3273,171,70,17.7,2008-03-13,01:00:39
588,4954,1,[1 2],1741,834,43,35.75,2008-03-13,01:00:39
589,2709,1,[1 2 3 4],3715,2866,164,19.09,2008-03-13,01:00:39
590,3357,2,[1 2 3 4],1122,3181,130,1996.53,2008-03-13,01:00:39
591,3679,2,[1 2],3616,23,198,176.24,2008-03-13,01:00:39
592,631,2,[1 2],1085,4886,130,124.95,2008-03-13,01:00:39
593,3798,2,[1 2 3 4],2564,2981,159,9.69,2008-03-13,01:00:39
594,867,3,[1 2 3 4],2703,1773,168,16.28,2008-03-13,01:00:39
595,4011,3,[1 2],566,50,41,17.36,2008-03-13,01:00:39
596,560,3,[1 2],2615,358,127,97.17,2008-03-13,01:00:39
597,3124,3,[1 2 3 4],2085,2251,223,21.15,2008-03-13,01:00:39
598,3828,0,[1],3223,2453,202,15.87,2001-01-02,18:06:58
599,2289,0,[1 2],1620,1683,62,8.98,2007-12-30,19:46:13
600,3125,0,[1 2],687,2276,12,20.93,2007-12-30,19:46:13
601,306,1,[1 2],3087,3019,210,18.68,2007-12-30,19:46:13
602,4390,1,[1 2],2069,4152,125,23.8,2007-12-30,19:46:13
603,4308,0,[1 2 3 4],1342,4179,203,23.18,2009-09-23,09:53:31
604,2749,0,[1 2],3297,2963,166,18.88,2005-06-26,01:23:29
605,170,0,[1 2 3 4],1585,2006,222,13.39,2005-06-26,01:23:29
606,429,1,[1 2],1420,2105,204,32.45,2005-06-26,01:23:29
607,3491,1,[1 2 3 4],480,2251,95,59.77,2005-06-26,01:23:29
608,4156,0,[1 2 3],528,2161,229,24.24,2012-05-03,01:57:24
609,3977,0,[1],245,364,77,8.67,2012-05-03,01:57:24
610,1383,0,[1 2 3 4],3475,3527,219,23.54,2012-05-03,01:57:24
611,1462,1,[1 2 3],855,2642,69,9.02,2012-05-03,01:57:24
612,1628,1,[1],2149,4563,35,668.07,2012-05-03,01:57:24
613,2596,1,[1 2 3 4],1473,2146,196,18.88,2012-05-03,01:57:24
614,2060,2,[1 2 3],2916,4228,61,688.64,2012-05-03,01:57:24
615,4559,2,[1],1808,897,134,22.5,2012-05-03,01:57:24
616,618,2,[1 2 3 4],1494,102,147,93.41,2012-05-03,01:57:24
617,2455,0,[1 2 3 4],2741,2495,246,19.61,2006-11-17,10:32:30
618,2580,0,[1],3688,537,172,117.22,2008-03-02,06:50:29
619,3473,0,[1],2256,2782,75,313.88,2008-03-02,06:50:29
620,4352,0,[1 2],2080,2712,8,48.91,2008-03-02,06:50:29
621,2307,0,[1 2 3],3562,2019,81,14.54,2008-03-02,06:50:29
622,2073,1,[1],3620,1358,105,7.21,2008-03-02,06:50:29
623,3034,1,[1],1854,3728,170,34.93,2008-03-02,06:50:29
624,2437,1,[1 2],866,1173,102,1423.79,2008-03-02,06:50:29
625,2162,1,[1 2 3],2335,389,96,977.59,2008-03-02,06:50:29
626,439,2,[1],1849,1841,16,15.63,2008-03-02,06:50:29
627,2489,2,[1],2750,3035,129,13.77,2008-03-02,06:50:29
628,4792,2,[1 2],2764,2126,150,12.56,2008-03-02,06:50:29
629,4507,2,[1 2 3],1832,2044,14,19.61,2008-03-02,06:50:29
630,1526,3,[1],2787,66,76,12.85,2008-03-02,06:50:29
631,671,3,[1],903,1648,48,2164.78,2008-03-02,06:50:29
632,4470,3,[1 2],263,4131,242,9.04,2008-03-02,06:50:29
633,656,3,[1 2 3],1892,784,237,55.3,2008-03-02,06:50:29
634,4442,0,[1 2],3758,1473,182,28.58,2013-04-19,23:24:02
635,57,0,[1 2],3686,4641,153,15.6,2013-04-19,23:24:02
636,840,1,[1 2],2725,136,10,15.73,2013-04-19,23:24:02
637,12,1,[1 2],805,555,238,8.95,2013-04-19,23:24:02
638,3250,0,[1 2 3],2945,2331,43,12.83,2001-07-23,09:26:01
639,187,0,[1],1176,4592,97,1555.44,2001-07-23,09:26:01
640,4820,0,[1 2 3],898,4327,75,17.86,2001-07-23,09:26:01
641,2049,1,[1 2 3],1328,934,89,21.77,2001-07-23,09:26:01
642,4598,1,[1],354,2476,77,11.49,2001-07-23,09:26:01
643,4016,1,[1 2 3],325,139,246,18.57,2001-07-23,09:26:01
644,849,2,[1 2 3],281,2002,57,17.92,2001-07-23,09:26:01
645,304,2,[1],1003,554,121,22.19,2001-07-23,09:26:01
646,3563,2,[1 2 3],3116,4016,185,19.55,2001-07-23,09:26:01
647,1039,0,[1 2 3 4],1033,652,247,23.97,2000-04-26,00:09:05
648,4795,0,[1 2],3667,1177,12,18.73,2000-04-26,00:09:05
649,167,0,[1 2 3 4],1632,4120,36,17.87,2000-04-26,00:09:05
650,2102,0,[1 2 3],2042,2836,88,14.89,2000-04-26,00:09:05
651,1200,1,[1 2 3 4],2825,1717,216,91.37,2000-04-26,00:09:05
652,2252,1,[1 2],2325,3618,99,179.83,2000-04-26,00:09:05
653,2388,1,[1 2 3 4],2255,4931,233,206.41,2000-04-26,00:09:05
654,2948,1,[1 2 3],3702,4631,195,26.82,2000-04-26,00:09:05
655,4394,2,[1 2 3 4],1125,2190,109,78.36,2000-04-26,00:09:05
656,3111,2,[1 2],861,2291,211,14.08,2000-04-26,00:09:05
657,4669,2,[1 2 3 4],1317,3488,216,26.38,2000-04-26,00:09:05
658,1620,2,[1 2 3],1762,1758,190,24.67,2000-04-26,00:09:05
659,1763,3,[1 2 3 4],1988,643,178,13.33,2000-04-26,00:09:05
660,511,3,[1 2],257,2751,3,10.57,2000-04-26,00:09:05
661,128,3,[1 2 3 4],3007,3281,202,12.73,2000-04-26,00:09:05
662,1983,3,[1 2 3],3415,4358,162,41.88,2000-04-26,00:09:05
663,4762,0,[1 2 3 4],674,2512,144,22.92,2003-05-02,22:33:11
664,980,0,[1 2 3],1108,474,211,16.84,2017-12-27,17:24:50
665,3528,0,[1 2 3],360,2531,118,46.79,2017-12-27,17:24:50
666,211,1,[1 2 3],177,2470,63,8.59,2017-12-27,17:24:50
667,3391,1,[1 2 3],2218,3392,139,238.63,2017-12-27,17:24:50
668,724,0,[1 2 3],1313,1883,80,36.84,2021-09-05,18:40:53
669,2416,0,[1 2 3],741,1789,141,11.35,2021-09-05,18:40:53
670,3393,0,[1],580,4036,102,60.79,2021-09-05,18:40:53
671,4261,0,[1 2 3 4],3375,4993,153,22.46,2021-09-05,18:40:53
672,3595,1,[1 2 3],1530,515,67,45.78,2021-09-05,18:40:53
673,2453,1,[1 2 3],3631,2648,200,51.82,2021-09-05,18:40:53
674,3569,1,[1],418,191,18,59.26,2021-09-05,18:40:53
675,4320,1,[1 2 3 4],3360,4890,34,33.07,2021-09-05,18:40:53
676,1361,2,[1 2 3],3422,3478,30,16.96,2021-09-05,18:40:53
677,2878,2,[1 2 3],2870,2386,237,28.79,2021-09-05,18:40:53
678,4324,2,[1],272,684,190,27.8,2021-09-05,18:40:53
679,4858,2,[1 2 3 4],2978,52,250,16.34,2021-09-05,18:40:53
680,2422,3,[1 2 3],1590,674,178,15.24,2021-09-05,18:40:53
681,389,3,[1 2 3],2196,979,82,2573.3,2021-09-05,18:40:53
682,1726,3,[1],3554,4019,230,84.42,2021-09-05,18:40:53
683,3531,3,[1 2 3 4],3671,1953,219,42.07,2021-09-05,18:40:53
684,2866,0,[1],2686,997,156,52.93,2015-01-25,16:45:10
685,4067,0,[1 2 3],2853,3108,194,19.33,2006-10-03,02:07:20
686,1501,0,[1],508,2166,216,50.04,2006-10-03,02:07:20
687,1850,0,[1],3171,4898,245,65.56,2006-10-03,02:07:20
688,2697,0,[1 2 3 4],2209,935,250,42.91,2006-10-03,02:07:20
689,2571,1,[1 2 3],714,4426,77,15.75,2006-10-03,02:07:20
690,3757,1,[1],309,3280,210,8.29,2006-10-03,02:07:20
691,1890,1,[1],3009,4146,157,219.06,2006-10-03,02:07:20
692,4089,1,[1 2 3 4],995,2507,163,36.66,2006-10-03,02:07:20
693,4045,2,[1 2 3],2030,4751,148,31.86,2006-10-03,02:07:20
694,4058,2,[1],1054,1495,229,12.06,2006-10-03,02:07:20
695,2120,2,[1],2026,32,120,12.85,2006-10-03,02:07:20
696,3580,2,[1 2 3 4],707,2745,214,21.57,2006-10-03,02:07:20
697,840,3,[1 2 3],1836,415,188,13.04,2006-10-03,02:07:20
698,3240,3,[1],627,2708,9,13.22,2006-10-03,02:07:20
699,4776,3,[1],3164,2045,79,186.42,2006-10-03,02:07:20
700,4494,3,[1 2 3 4],2569,3799,114,64.06,2006-10-03,02:07:20
701,4345,0,[1],345,704,198,15.28,2016-01-30,17:33:24
702,1066,0,[1 2 3],937,4423,90,48.82,2016-02-16,08:11:06
703,3994,0,[1],1343,3078,175,16.5,2016-02-16,08:11:06
704,3777,0,[1 2],3242,2881,208,4.18,2016-02-16,08:11:06
705,3593,0,[1 2],2876,1975,125,205.33,2016-02-16,08:11:06
706,2243,1,[1 2 3],2866,629,32,19.54,2016-02-16,08:11:06
707,3779,1,[1],219,3974,135,75.69,2016-02-16,08:11:06
708,1878,1,[1 2],2062,2776,29,12.46,2016-02-16,08:11:06
709,1717,1,[1 2],842,4480,140,1061.81,2016-02-16,08:11:06
710,2665,2,[1 2 3],282,1,206,90.13,2016-02-16,08:11:06
711,4593,2,[1],2510,1655,155,131.34,2016-02-16,08:11:06
712,1583,2,[1 2],2989,3281,45,55.91,2016-02-16,08:11:06
713,4011,2,[1 2],3786,1140,186,104.12,2016-02-16,08:11:06
714,1616,3,[1 2 3],3738,401,107,31.49,2016-02-16,08:11:06
715,2267,3,[1],2717,2873,68,7.74,2016-02-16,08:11:06
716,4667,3,[1 2],3371,922,59,29.34,2016-02-16,08:11:06
717,390,3,[1 2],2163,2124,194,665.18,2016-02-16,08:11:06
718,4343,0,[1],3648,1913,109,66.13,2016-10-23,02:40:12
719,293,0,[1 2 3 4],681,4878,175,6.09,2016-10-23,02:40:12
720,4310,1,[1],3564,4989,247,17.45,2016-10-23,02:40:12
721,513,1,[1 2 3 4],3788,1248,212,123.28,2016-10-23,02:40:12
722,4979,0,[1 2 3 4],2388,84,56,179.26,2004-08-26,21:39:24
723,4984,0,[1 2],42,3669,225,6.06,2004-08-26,21:39:24
724,4976,1,[1 2 3 4],3696,3169,75,26.42,2004-08-26,21:39:24
725,537,1,[1 2],3488,3625,212,64.08,2004-08-26,21:39:24
726,1875,0,[1 2 3],3693,510,109,130.36,2017-08-26,13:32:09
727,3582,0,[1 2 3],1486,3970,7,118.88,2008-07-01,18:04:41
728,2808,0,[1],177,2470,144,8.59,2008-07-01,18:04:41
729,2687,0,[1 2 3 4],3746,3476,63,110.49,2008-07-01,18:04:41
730,3955,0,[1 2 3],3456,1829,155,44.49,2008-07-01,18:04:41
731,221,1,[1 2 3],2358,822,218,160.64,2008-07-01,18:04:41
732,42,1,[1],3675,2048,1,8.15,2008-07-01,18:04:41
733,369,1,[1 2 3 4],2201,3138,6,232.91,2008-07-01,18:04:41
734,4655,1,[1 2 3],1848,983,73,7.87,2008-07-01,18:04:41
735,1616,2,[1 2 3],1431,2604,228,22.41,2008-07-01,18:04:41
736,2158,2,[1],2356,3391,189,126.15,2008-07-01,18:04:41
737,4556,2,[1 2 3 4],156,2636,169,16.75,2008-07-01,18:04:41
738,4119,2,[1 2 3],3244,3561,43,67.58,2008-07-01,18:04:41
739,397,3,[1 2 3],2091,1876,162,23.3,2008-07-01,18:04:41
740,3830,3,[1],3407,2960,143,24.37,2008-07-01,18:04:41
741,2868,3,[1 2 3 4],1705,1443,62,23.78,2008-07-01,18:04:41
742,2281,3,[1 2 3],2489,3517,130,112.23,2008-07-01,18:04:41
743,2623,0,[1 2 3 4],1700,2410,116,54.15,2015-11-27,18:44:09
744,3480,0,[1 2],1247,3850,221,16.63,2015-11-27,18:44:09
745,4706,0,[1 2 3],763,4711,109,12.84,2015-11-27,18:44:09
746,3678,0,[1],3778,4451,40,16.06,2015-11-27,18:44:09
747,4544,1,[1 2 3 4],981,602,169,136.97,2015-11-27,18:44:09
748,3841,1,[1 2],1449,3643,168,819.9,2015-11-27,18:44:09
749,1736,1,[1 2 3],1424,2920,216,15.36,2015-11-27,18:44:09
750,3389,1,[1],1700,2410,246,54.15,2015-11-27,18:44:09
751,4557,2,[1 2 3 4],1429,1609,98,13.79,2015-11-27,18:44:09
752,3719,2,[1 2],1183,3784,206,28.47,2015-11-27,18:44:09
753,2960,2,[1 2 3],1390,665,235,16.22,2015-11-27,18:44:09
754,727,2,[1],2981,2015,154,26.82,2015-11-27,18:44:09
755,3566,3,[1 2 3 4],527,1655,249,23.24,2015-11-27,18:44:09
756,4641,3,[1 2],2400,1437,78,329.92,2015-11-27,18:44:09
757,1538,3,[1 2 3],2897,326,189,35.87,2015-11-27,18:44:09
758,1501,3,[1],2007,2933,26,33.04,2015-11-27,18:44:09
759,3593,0,[1],1707,794,8,10.58,2011-12-15,05:11:51
760,4439,0,[1 2],1067,498,165,92.07,2011-12-15,05:11:51
761,3058,0,[1 2 3 4],1425,614,198,16.71,2011-12-15,05:11:51
762,4857,1,[1],213,2823,207,14.11,2011-12-15,05:11:51
763,1740,1,[1 2],1692,3352,244,13.09,2011-12-15,05:11:51
764,2833,1,[1 2 3 4],3771,1818,76,373.89,2011-12-15,05:11:51
765,1208,2,[1],1243,1756,194,22.82,2011-12-15,05:11:51
766,24,2,[1 2],2683,4054,30,13.8,2011-12-15,05:11:51
767,2982,2,[1 2 3 4],1897,2108,156,10.59,2011-12-15,05:11:51
768,182,0,[1 2],1874,4825,134,15.83,2011-01-15,17:35:50
769,2359,0,[1 2 3 4],3149,904,29,26.14,2011-01-15,17:35:50
770,1017,0,[1],2486,3437,9,11.94,2011-01-15,17:35:50
771,1700,1,[1 2],3708,4157,64,50.85,2011-01-15,17:35:50
772,936,1,[1 2 3 4],649,1333,156,777.68,2011-01-15,17:35:50
773,2392,1,[1],122,2563,184,1181.39,2011-01-15,17:35:50
774,4166,2,[1 2],2534,4420,170,16.67,2011-01-15,17:35:50
775,949,2,[1 2 3 4],2389,1815,14,223.32,2011-01-15,17:35:50
776,49,2,[1],150,1110,113,909.12,2011-01-15,17:35:50
777,4194,0,[1 2 3],1117,4244,134,43.05,2021-07-03,19:49:20
778,810,0,[1 2 3 4],325,139,133,18.57,2021-07-03,19:49:20
779,2290,1,[1 2 3],2180,2777,166,265.99,2021-07-03,19:49:20
780,1100,1,[1 2 3 4],260,4375,79,17.33,2021-07-03,19:49:20
781,2385,0,[1 2],3407,27,90,22.33,2013-09-13,19:46:36
782,1502,0,[1 2 3 4],1365,3142,175,63.44,2007-08-17,11:56:59
783,572,0,[1 2],3324,74,193,288.04,2007-08-17,11:56:59
784,1484,0,[1 2 3],1324,1868,6,13.01,2007-08-17,11:56:59
785,913,0,[1 2 3 4],1345,3421,196,8.02,2007-08-17,11:56:59
786,4238,1,[1 2 3 4],1737,574,88,32.29,2007-08-17,11:56:59
787,1094,1,[1 2],701,4850,173,43.72,2007-08-17,11:56:59
788,3805,1,[1 2 3],910,4936,119,52.91,2007-08-17,11:56:59
789,1519,1,[1 2 3 4],1609,705,8,17.28,2007-08-17,11:56:59
790,121,2,[1 2 3 4],1220,3287,190,1090.68,2007-08-17,11:56:59
791,1026,2,[1 2],2294,3377,241,248.27,2007-08-17,11:56:59
792,2117,2,[1 2 3],2515,4067,102,11.06,2007-08-17,11:56:59
793,3051,2,[1 2 3 4],461,1942,30,29.15,2007-08-17,11:56:59
794,4700,3,[1 2 3 4],2553,4656,201,33.56,2007-08-17,11:56:59
795,4542,3,[1 2],1262,2709,66,174.58,2007-08-17,11:56:59
796,2900,3,[1 2 3],3053,717,120,19.34,2007-08-17,11:56:59
797,4954,3,[1 2 3 4],3241,632,123,24.95,2007-08-17,11:56:59
798,2220,0,[1 2 3],1744,2804,188,19.9,2020-06-03,09:38:01
799,2553,0,[1],1785,3680,8,11.05,2020-06-03,09:38:01
800,2716,0,[1 2 3 4],2937,3814,103,19.24,2020-06-03,09:38:01
801,3704,1,[1 2 3],1523,1213,37,19.1,2020-06-03,09:38:01
802,2272,1,[1],1345,3421,103,8.02,2020-06-03,09:38:01
803,4169,1,[1 2 3 4],1865,3476,196,7.04,2020-06-03,09:38:01
804,210,2,[1 2 3],981,4545,185,118.46,2020-06-03,09:38:01
805,445,2,[1],109,2205,2,9.95,2020-06-03,09:38:01
806,4626,2,[1 2 3 4],571,2679,69,142.55,2020-06-03,09:38:01
807,4490,0,[1],297,309,230,14.1,2021-05-11,06:56:03
808,1464,0,[1 2 3],2333,2331,73,766.64,2021-05-11,06:56:03
809,3710,0,[1 2 3],1323,4466,177,169.51,2021-05-11,06:56:03
810,763,0,[1 2 3 4],1021,4690,178,59.62,2021-05-11,06:56:03
811,2063,1,[1],2864,3919,158,26.26,2021-05-11,06:56:03
812,4473,1,[1 2 3],2780,3007,250,159.55,2021-05-11,06:56:03
813,34,1,[1 2 3],1882,4174,197,9.54,2021-05-11,06:56:03
814,4046,1,[1 2 3 4],1275,3536,113,9.59,2021-05-11,06:56:03
815,1561,2,[1],2688,2977,239,142.12,2021-05-11,06:56:03
816,1483,2,[1 2 3],3102,4175,2,32.93,2021-05-11,06:56:03
817,181,2,[1 2 3],1275,799,162,8.96,2021-05-11,06:56:03
818,3293,2,[1 2 3 4],2777,3771,231,118.56,2021-05-11,06:56:03
819,4496,3,[1],2250,1218,63,777.82,2021-05-11,06:56:03
820,2118,3,[1 2 3],3577,3728,211,130.84,2021-05-11,06:56:03
821,3617,3,[1 2 3],3519,2151,27,173.19,2021-05-11,06:56:03
822,4942,3,[1 2 3 4],858,4521,72,13.58,2021-05-11,06:56:03
823,1547,0,[1 2 3],3345,3439,192,75.66,2001-09-29,13:57:27
824,2575,0,[1 2 3 4],319,4208,241,11.25,2010-09-12,21:08:10
825,1799,0,[1 2 3 4],3008,426,194,99.59,2010-09-12,21:08:10
826,484,0,[1 2 3],1374,3025,192,28.59,2010-09-12,21:08:10
827,1271,0,[1 2],1533,2152,201,29.49,2010-09-12,21:08:10
828,2801,1,[1 2 3 4],1021,3151,237,55.51,2010-09-12,21:08:10
829,3933,1,[1 2 3 4],61,2300,234,907.9,2010-09-12,21:08:10
830,641,1,[1 2 3],1015,3084,72,97.93,2010-09-12,21:08:10
831,1096,1,[1 2],2890,3212,147,40.36,2010-09-12,21:08:10
832,3511,2,[1 2 3 4],1294,3402,132,17.82,2010-09-12,21:08:10
833,922,2,[1 2 3 4],3236,2674,45,17.97,2010-09-12,21:08:10
834,2136,2,[1 2 3],3572,3631,231,48.82,2010-09-12,21:08:10
835,1889,2,[1 2],188,4699,180,14.08,2010-09-12,21:08:10
836,2281,3,[1 2 3 4],1250,1627,29,28.57,2010-09-12,21:08:10
837,4942,3,[1 2 3 4],3484,1452,92,43.34,2010-09-12,21:08:10
838,4273,3,[1 2 3],1421,17,140,6.09,2010-09-12,21:08:10
839,3310,3,[1 2],1872,1442,178,13.72,2010-09-12,21:08:10
840,3451,0,[1 2],2226,4480,193,276.03,2014-09-01,19:48:06
841,2443,0,[1 2 3 4],1274,3380,194,354.2,2014-09-01,19:48:06
842,4411,1,[1 2],278,4394,9,17.44,2014-09-01,19:48:06
843,3530,1,[1 2 3 4],2533,55,162,111.23,2014-09-01,19:48:06
844,1420,0,[1 2],2856,1904,203,225.83,2003-05-31,22:28:58
845,1926,0,[1 2 3 4],3736,1087,64,48.45,2003-05-31,22:28:58
846,908,0,[1],900,1456,167,10.8,2003-05-31,22:28:58
847,4794,0,[1],3066,4366,160,47.23,2003-05-31,22:28:58
848,666,1,[1 2],559,3507,108,11.88,2003-05-31,22:28:58
849,2810,1,[1 2 3 4],3647,2860,44,156.94,2003-05-31,22:28:58
850,234,1,[1],2639,3046,203,16.33,2003-05-31,22:28:58
851,1177,1,[1],1744,2804,55,19.9,2003-05-31,22:28:58
852,1414,2,[1 2],1286,2033,23,27.1,2003-05-31,22:28:58
853,4287,2,[1 2 3 4],2264,4512,42,1263.47,2003-05-31,22:28:58
854,1304,2,[1],3730,1896,94,55.05,2003-05-31,22:28:58
855,1249,2,[1],2080,1799,8,43.08,2003-05-31,22:28:58
856,1219,3,[1 2],869,425,244,2145.26,2003-05-31,22:28:58
857,2969,3,[1 2 3 4],13,160,83,54.59,2003-05-31,22:28:58
858,1000,3,[1],814,4866,250,8.8,2003-05-31,22:28:58
859,1387,3,[1],772,3526,178,7.87,2003-05-31,22:28:58
860,2940,0,[1 2 3 4],2968,2475,70,185.96,2000-08-01,06:42:16
861,4925,0,[1 2 3],460,3068,179,55.14,2000-08-01,06:42:16
862,238,0,[1 2],1142,2608,62,60.45,2000-08-01,06:42:16
863,4354,0,[1 2 3 4],2358,4421,137,136.82,2000-08-01,06:42:16
864,581,1,[1 2 3 4],1512,4856,121,506.11,2000-08-01,06:42:16
865,3258,1,[1 2 3],2871,3903,145,12.45,2000-08-01,06:42:16
866,496,1,[1 2],1567,4254,203,21.83,2000-08-01,06:42:16
867,1546,1,[1 2 3 4],3420,430,138,11.57,2000-08-01,06:42:16
868,3452,2,[1 2 3 4],3466,126,95,17.43,2000-08-01,06:42:16
869,2829,2,[1 2 3],3813,1288,186,41.95,2000-08-01,06:42:16
870,3919,2,[1 2],228,4660,78,2268.94,2000-08-01,06:42:16
871,3505,2,[1 2 3 4],2527,4176,241,245.12,2000-08-01,06:42:16
872,2474,3,[1 2 3 4],1524,1350,38,13.12,2000-08-01,06:42:16
873,2961,3,[1 2 3],94,961,40,9.05,2000-08-01,06:42:16
874,2393,3,[1 2],409,711,22,68.41,2000-08-01,06:42:16
875,3505,3,[1 2 3 4],3258,2734,163,9.6,2000-08-01,06:42:16
876,1919,0,[1 2],3146,1571,89,37.36,2001-02-20,09:12:08
877,2913,0,[1 2],721,1917,54,40.81,2001-02-20,09:12:08
878,2703,0,[1 2],2184,2846,228,135.58,2001-02-20,09:12:08
879,2550,1,[1 2],2883,4366,71,47.06,2001-02-20,09:12:08
880,3325,1,[1 2],3417,3036,96,27.28,2001-02-20,09:12:08
881,2237,1,[1 2],2770,466,64,217.26,2001-02-20,09:12:08
882,4518,2,[1 2],1890,3319,68,138.35,2001-02-20,09:12:08
883,2084,2,[1 2],527,1655,162,23.24,2001-02-20,09:12:08
884,1375,2,[1 2],2243,1765,182,969.35,2001-02-20,09:12:08
885,1984,0,[1 2],2395,3568,144,569.62,2011-03-28,05:13:32
886,4418,0,[1 2],3051,1687,247,11.18,2011-03-28,05:13:32
887,3227,1,[1 2],2010,1067,158,39.15,2011-03-28,05:13:32
888,3218,1,[1 2],808,1710,122,15.87,2011-03-28,05:13:32
889,2215,0,[1],2000,583,146,23.37,2011-07-25,19:09:08
890,4855,0,[1 2 3],1010,835,95,26.2,2016-04-08,02:18:08
891,3550,0,[1 2],3198,676,85,51.81,2016-04-08,02:18:08
892,4508,0,[1 2 3 4],3041,4244,90,141.43,2016-04-08,02:18:08
893,2148,1,[1 2 3],2349,2774,160,351.17,2016-04-08,02:18:08
894,1404,1,[1 2],2807,4292,216,49.89,2016-04-08,02:18:08
895,1363,1,[1 2 3 4],2443,1187,244,74.73,2016-04-08,02:18:08
896,3791,2,[1 2 3],1311,3182,161,17.93,2016-04-08,02:18:08
897,1861,2,[1 2],93,4417,91,7.35,2016-04-08,02:18:08
898,2235,2,[1 2 3 4],1574,582,10,12.98,2016-04-08,02:18:08
899,778,0,[1 2 3],1894,1226,86,168.11,2016-10-24,14:01:52
900,4421,0,[1],2773,1995,39,17.28,2016-10-24,14:01:52
901,2152,0,[1 2 3 4],345,704,229,15.28,2016-10-24,14:01:52
902,1341,0,[1 2],2923,1446,154,13.8,2016-10-24,14:01:52
903,3539,1,[1 2 3],3150,3495,129,86.07,2016-10-24,14:01:52
904,1933,1,[1],799,2533,165,1784.09,2016-10-24,14:01:52
905,1743,1,[1 2 3 4],790,596,142,164.88,2016-10-24,14:01:52
906,769,1,[1 2],2053,1660,59,16.14,2016-10-24,14:01:52
907,1757,2,[1 2 3],3701,1654,116,18.78,2016-10-24,14:01:52
908,4065,2,[1],3135,3521,176,17.93,2016-10-24,14:01:52
909,1835,2,[1 2 3 4],2503,3163,143,128.85,2016-10-24,14:01:52
910,4285,2,[1 2],334,90,77,11.01,2016-10-24,14:01:52
911,423,3,[1 2 3],1121,1578,76,52.52,2016-10-24,14:01:52
912,4688,3,[1],1391,3367,186,10.77,2016-10-24,14:01:52
913,4769,3,[1 2 3 4],1794,208,61,65.56,2016-10-24,14:01:52
914,78,3,[1 2],3658,636,51,67.52,2016-10-24,14:01:52
915,4444,0,[1 2],391,861,245,42.33,2009-05-19,14:56:46
916,61,0,[1],211,3842,71,44.91,2018-06-14,12:34:33
917,514,0,[1 2 3],2488,2949,166,77.16,2018-06-14,12:34:33
918,4713,1,[1],1479,829,75,8.65,2018-06-14,12:34:33
919,881,1,[1 2 3],2429,2286,163,159.81,2018-06-14,12:34:33
920,244,0,[1 2],818,2804,3,14.01,2000-03-10,09:34:12
921,446,0,[1 2 3 4],3295,4748,227,26.96,2000-03-10,09:34:12
922,4959,1,[1 2],2204,463,127,427.58,2000-03-10,09:34:12
923,2430,1,[1 2 3 4],196,2545,250,41.51,2000-03-10,09:34:12
924,619,0,[1 2],2582,858,184,623.46,2012-07-26,14:44:55
925,3159,0,[1 2 3],939,2932,249,77.47,2012-07-26,14:44:55
926,736,0,[1 2],1719,4128,11,12.32,2012-07-26,14:44:55
927,2249,0,[1],2419,1535,166,656.74,2012-07-26,14:44:55
928,3011,1,[1 2],3332,2548,14,49.25,2012-07-26,14:44:55
929,4887,1,[1 2 3],2005,1020,131,37.5,2012-07-26,14:44:55
930,806,1,[1 2],1524,4339,1,14.32,2012-07-26,14:44:55
931,633,1,[1],3711,1778,162,12.73,2012-07-26,14:44:55
932,51,2,[1 2],820,1095,44,159.19,2012-07-26,14:44:55
933,1235,2,[1 2 3],2550,2656,214,53.9,2012-07-26,14:44:55
934,3541,2,[1 2],632,2129,130,83.63,2012-07-26,14:44:55
935,3318,2,[1],1075,4237,20,32.24,2012-07-26,14:44:55
936,1231,3,[1 2],596,201,82,162.81,2012-07-26,14:44:55
937,1703,3,[1 2 3],1523,4391,217,21.23,2012-07-26,14:44:55
938,4228,3,[1 2],2559,2873,217,17.04,2012-07-26,14:44:55
939,4340,3,[1],1786,444,79,154.64,2012-07-26,14:44:55
940,4393,0,[1 2 3 4],1023,4973,37,39.93,2010-03-15,14:29:12
941,3278,0,[1 2],2433,1706,53,33.05,2015-12-01,16:20:58
942,192,0,[1 2 3 4],660,648,214,8.11,2005-12-30,20:06:55
943,3050,0,[1 2 3 4],3404,955,186,144.54,2005-12-30,20:06:55
944,610,1,[1 2 3 4],3588,4056,111,21.42,2005-12-30,20:06:55
945,1439,1,[1 2 3 4],2560,2336,182,11.29,2005-12-30,20:06:55
946,3279,0,[1],553,949,23,16.86,2012-03-20,08:02:12
947,4505,0,[1 2 3 4],2369,1312,66,618.61,2012-03-20,08:02:12
948,2326,0,[1 2 3 4],1688,4451,43,27.76,2012-03-20,08:02:12
949,3433,1,[1],3209,3350,159,23.68,2012-03-20,08:02:12
950,381,1,[1 2 3 4],2767,1413,117,32.84,2012-03-20,08:02:12
951,1711,1,[1 2 3 4],215,2834,226,1089.48,2012-03-20,08:02:12
952,2155,2,[1],566,3918,40,19.03,2012-03-20,08:02:12
953,4032,2,[1 2 3 4],1913,6,138,32.22,2012-03-20,08:02:12
954,1195,2,[1 2 3 4],2417,698,3,242.59,2012-03-20,08:02:12
955,4328,0,[1],1667,1042,112,11.39,2001-01-19,16:33:33
956,764,0,[1 2],3604,44,107,10.49,2001-01-19,16:33:33
957,3486,0,[1],222,1343,197,21.7,2001-01-19,16:33:33
958,1990,0,[1 2 3],2969,3464,163,114.05,2001-01-19,16:33:33
959,2460,1,[1],1464,281,62,16.03,2001-01-19,16:33:33
960,1578,1,[1 2],3479,1597,226,28.51,2001-01-19,16:33:33
961,4592,1,[1],2416,1815,40,570.11,2001-01-19,16:33:33
962,1177,1,[1 2 3],3112,3121,124,24.18,2001-01-19,16:33:33
963,3461,2,[1],3127,1037,217,192.98,2001-01-19,16:33:33
964,2215,2,[1 2],2270,4188,214,542.82,2001-01-19,16:33:33
965,485,2,[1],1382,1752,29,9.61,2001-01-19,16:33:33
966,1790,2,[1 2 3],2462,2264,168,22.47,2001-01-19,16:33:33
967,4251,3,[1],2227,3746,249,628.2,2001-01-19,16:33:33
968,619,3,[1 2],2473,2729,135,18.23,2001-01-19,16:33:33
969,2926,3,[1],3761,1939,75,44.32,2001-01-19,16:33:33
970,3285,3,[1 2 3],3412,83,166,8.16,2001-01-19,16:33:33
971,2885,0,[1 2],3620,3309,58,5.73,2014-11-26,05:13:13
972,2471,0,[1 2],825,1873,215,19.65,2022-04-02,12:02:40
973,3682,0,[1],1495,4872,211,32.73,2022-04-02,12:02:40
974,3092,1,[1 2],3342,2891,250,40.5,2022-04-02,12:02:40
975,941,1,[1],1050,194,8,43.64,2022-04-02,12:02:40
976,2560,0,[1 2 3],3204,4843,174,227.31,2012-10-31,02:43:52
977,4475,0,[1 2 3],1359,881,228,5.88,2012-10-31,02:43:52
978,1090,0,[1 2],46,4831,29,56.02,2012-10-31,02:43:52
979,3039,0,[1 2 3],2985,2636,236,613.47,2012-10-31,02:43:52
980,3306,1,[1 2 3],2739,222,61,18.59,2012-10-31,02:43:52
981,1109,1,[1 2 3],554,52,177,9.38,2012-10-31,02:43:52
982,4302,1,[1 2],926,646,143,31.2,2012-10-31,02:43:52
983,3958,1,[1 2 3],2113,3715,110,152.01,2012-10-31,02:43:52
984,3556,2,[1 2 3],3036,519,72,221.26,2012-10-31,02:43:52
985,3083,2,[1 2 3],3456,3511,77,45.16,2012-10-31,02:43:52
986,2068,2,[1 2],1154,2510,221,168.25,2012-10-31,02:43:52
987,4348,2,[1 2 3],600,2677,224,31.91,2012-10-31,02:43:52
988,4067,3,[1 2 3],2000,2105,76,27.08,2012-10-31,02:43:52
989,4229,3,[1 2 3],3813,1288,193,41.95,2012-10-31,02:43:52
990,4337,3,[1 2],2985,2636,68,613.47,2012-10-31,02:43:52
991,4457,3,[1 2 3],1035,3114,232,196.82,2012-10-31,02:43:52
992,2996,0,[1],162,2227,203,232.92,2013-09-03,00:59:37
993,591,0,[1 2],2047,4407,111,8.88,2004-03-03,21:56:02
994,2606,0,[1 2],3463,38,96,16.76,2004-03-03,21:56:02
995,2379,1,[1 2],156,2636,127,16.75,2004-03-03,21:56:02
996,525,1,[1 2],1608,4631,142,174.74,2004-03-03,21:56:02
997,4802,0,[1 2 3],3013,4008,109,91.98,2019-02-27,19:13:20
998,3688,0,[1 2],3537,384,31,49.2,2019-02-27,19:13:20
999,3890,0,[1],2883,987,182,41.03,2019-02-27,19:13:20
1000,4342,0,[1 2 3 4],2454,299,73,9.62,2019-02-27,19:13:20
1001,1158,1,[1 2 3],327,4444,38,26.81,2019-02-27,19:13:20
1002,2600,1,[1 2],1103,4781,178,1485.28,2019-02-27,19:13:20
1003,2084,1,[1],3708,4157,29,50.85,2019-02-27,19:13:20
1004,3093,1,[1 2 3 4],2762,3298,113,305.04,2019-02-27,19:13:20
1005,561,2,[1 2 3],147,1108,230,3247.87,2019-02-27,19:13:20
1006,1095,2,[1 2],206,4245,230,8.07,2019-02-27,19:13:20
1007,1654,2,[1],3796,3659,13,121.76,2019-02-27,19:13:20
1008,2910,2,[1 2 3 4],2604,3704,150,992.95,2019-02-27,19:13:20
1009,144,3,[1 2 3],2817,2714,62,29.23,2019-02-27,19:13:20
1010,3968,3,[1 2],3396,2175,120,57.4,2019-02-27,19:13:20
1011,2788,3,[1],1154,2510,111,168.25,2019-02-27,19:13:20
1012,463,3,[1 2 3 4],2454,299,91,9.62,2019-02-27,19:13:20
1013,4030,0,[1],1588,2733,185,41.13,2019-11-11,19:14:48
1014,649,0,[1],2344,2419,65,30.13,2019-09-26,01:40:54
1015,1586,0,[1 2 3 4],1621,4701,216,16.48,2019-09-26,01:40:54
1016,1623,1,[1],3052,834,38,19.12,2019-09-26,01:40:54
1017,59,1,[1 2 3 4],2772,3432,207,551.26,2019-09-26,01:40:54
1018,3481,0,[1 2 3],247,4851,8,104.23,2004-03-04,04:14:10
1019,351,0,[1 2 3 4],1845,284,245,7.09,2004-03-04,04:14:10
1020,3787,0,[1 2 3 4],277,2123,241,39.22,2004-03-04,04:14:10
1021,4063,1,[1 2 3],3540,1973,199,409.15,2004-03-04,04:14:10
1022,1477,1,[1 2 3 4],1267,294,10,32.34,2004-03-04,04:14:10
1023,2500,1,[1 2 3 4],3142,3283,215,20.33,2004-03-04,04:14:10
1024,4196,2,[1 2 3],632,2384,235,75.28,2004-03-04,04:14:10
1025,4474,2,[1 2 3 4],1261,2822,70,18.11,2004-03-04,04:14:10
1026,1667,2,[1 2 3 4],2773,1995,106,17.28,2004-03-04,04:14:10
1027,3073,0,[1 2 3],3680,3834,175,54.48,2006-09-03,14:40:10
1028,4749,0,[1 2],21,4417,195,350.43,2006-09-03,14:40:10
1029,1964,1,[1 2 3],3350,2492,75,95.93,2006-09-03,14:40:10
1030,2922,1,[1 2],2263,3884,79,187.95,2006-09-03,14:40:10
1031,2949,0,[1 2 3 4],600,3282,57,33.66,2003-11-29,13:18:03
1032,4926,0,[1 2 3],1401,2622,174,27.27,2003-11-29,13:18:03
1033,3895,0,[1],973,1235,4,868.44,2003-11-29,13:18:03
1034,1900,0,[1 2 3 4],3665,1479,142,47.86,2003-11-29,13:18:03
1035,3957,1,[1 2 3 4],2413,981,117,330.08,2003-11-29,13:18:03
1036,1680,1,[1 2 3],1342,380,8,24.04,2003-11-29,13:18:03
1037,2431,1,[1],414,4228,177,4.41,2003-11-29,13:18:03
1038,4420,1,[1 2 3 4],78,4482,60,10.36,2003-11-29,13:18:03
1039,1524,2,[1 2 3 4],3292,3214,247,30.4,2003-11-29,13:18:03
1040,889,2,[1 2 3],2538,4111,60,14.11,2003-11-29,13:18:03
1041,4434,2,[1],199,2987,103,11.8,2003-11-29,13:18:03
1042,1745,2,[1 2 3 4],300,207,195,15.04,2003-11-29,13:18:03
1043,4390,3,[1 2 3 4],2354,3130,179,149.88,2003-11-29,13:18:03
1044,4491,3,[1 2 3],869,425,162,2145.26,2003-11-29,13:18:03
1045,4716,3,[1],3620,3309,18,5.73,2003-11-29,13:18:03
1046,3177,3,[1 2 3 4],3006,2270,213,16.79,2003-11-29,13:18:03
1047,3936,0,[1 2 3 4],3355,4556,241,18.28,2011-08-08,17:10:40
1048,2821,0,[1 2 3 4],842,1938,174,1147.69,2011-08-08,17:10:40
1049,1836,0,[1 2],788,2289,138,275.61,2011-08-08,17:10:40
1050,2517,1,[1 2 3 4],1749,613,191,13.34,2011-08-08,17:10:40
1051,2118,1,[1 2 3 4],1128,2158,118,19.45,2011-08-08,17:10:40
1052,1040,1,[1 2],2739,222,16,18.59,2011-08-08,17:10:40
1053,3970,2,[1 2 3 4],2399,620,231,897.37,2011-08-08,17:10:40
1054,312,2,[1 2 3 4],817,1978,209,27.43,2011-08-08,17:10:40
1055,3235,2,[1 2],2276,84,247,296.5,2011-08-08,17:10:40
1056,654,0,[1 2 3],2428,2406,68,130.15,2005-04-23,12:37:56
1057,347,0,[1 2],2202,707,34,37.51,2013-06-23,23:44:49
1058,4111,0,[1 2 3],2925,3629,17,25.28,2013-06-23,23:44:49
1059,1867,1,[1 2],1706,111,8,17.07,2013-06-23,23:44:49
1060,111,1,[1 2 3],557,4727,218,1311.36,2013-06-23,23:44:49
1061,4290,0,[1 2 3 4],559,3507,250,11.88,2018-08-23,04:33:40
1062,1374,0,[1 2 3 4],1164,3533,59,16.33,2018-08-23,04:33:40
1063,765,0,[1 2 3 4],3315,2617,199,25.18,2018-08-23,04:33:40
1064,885,0,[1 2 3 4],3220,3165,155,407.28,2018-08-23,04:33:40
1065,1984,1,[1 2 3 4],394,4309,59,7.66,2018-08-23,04:33:40
1066,1950,1,[1 2 3 4],1318,2723,53,1165.11,2018-08-23,04:33:40
1067,314,1,[1 2 3 4],3800,532,31,40.22,2018-08-23,04:33:40
1068,1102,1,[1 2 3 4],2375,509,179,157.12,2018-08-23,04:33:40
1069,4714,2,[1 2 3 4],2101,4444,93,32.11,2018-08-23,04:33:40
1070,1641,2,[1 2 3 4],703,394,135,19.94,2018-08-23,04:33:40
1071,1153,2,[1 2 3 4],3053,2254,48,18.11,2018-08-23,04:33:40
1072,3343,2,[1 2 3 4],2141,3194,109,815.88,2018-08-23,04:33:40
1073,1896,3,[1 2 3 4],461,1942,166,29.15,2018-08-23,04:33:40
1074,907,3,[1 2 3 4],1051,1888,141,181.82,2018-08-23,04:33:40
1075,4262,3,[1 2 3 4],1858,374,94,176.21,2018-08-23,04:33:40
1076,4609,3,[1 2 3 4],1548,566,77,16.42,2018-08-23,04:33:40
1077,1127,0,[1],3805,3662,31,10.74,2009-06-22,21:21:33
1078,1208,0,[1 2],3091,76,51,8.36,2004-12-18,09:55:10
1079,3926,0,[1 2 3 4],1500,4306,10,8.37,2004-12-18,09:55:10
1080,2081,0,[1 2],2477,564,153,139.97,2004-12-18,09:55:10
1081,1474,1,[1 2],526,4678,5,15.19,2004-12-18,09:55:10
1082,4993,1,[1 2 3 4],3693,510,80,130.36,2004-12-18,09:55:10
1083,1642,1,[1 2],2627,3748,51,12.76,2004-12-18,09:55:10
1084,3263,2,[1 2],2925,3629,69,25.28,2004-12-18,09:55:10
1085,105,2,[1 2 3 4],1832,3419,21,22.9,2004-12-18,09:55:10
1086,2769,2,[1 2],3255,3851,244,87.8,2004-12-18,09:55:10
1087,3658,0,[1 2 3],1515,298,125,37.11,2020-10-29,17:37:16
1088,283,0,[1 2 3 4],564,3508,44,289.6,2015-06-01,21:09:50
1089,704,0,[1 2 3 4],757,2521,40,14.42,2015-06-01,21:09:50
1090,2585,0,[1 2 3 4],482,4807,230,18.07,2015-06-01,21:09:50
1091,156,0,[1 2 3],2653,4972,46,41.52,2015-06-01,21:09:50
1092,1267,1,[1 2 3 4],1811,1475,222,12.69,2015-06-01,21:09:50
1093,2378,1,[1 2 3 4],327,4444,80,26.81,2015-06-01,21:09:50
1094,3891,1,[1 2 3 4],2751,180,9,27.89,2015-06-01,21:09:50
1095,4714,1,[1 2 3],1284,749,175,1060.67,2015-06-01,21:09:50
1096,2128,2,[1 2 3 4],526,4678,150,15.19,2015-06-01,21:09:50
1097,3338,2,[1 2 3 4],2888,744,97,164.23,2015-06-01,21:09:50
1098,3193,2,[1 2 3 4],2645,1369,201,17.36,2015-06-01,21:09:50
1099,2358,2,[1 2 3],3327,630,174,14.44,2015-06-01,21:09:50
1100,3786,3,[1 2 3 4],1647,1076,85,15.85,2015-06-01,21:09:50
1101,4533,3,[1 2 3 4],1006,546,161,28.57,2015-06-01,21:09:50
1102,4256,3,[1 2 3 4],2505,2910,219,11.44,2015-06-01,21:09:50
1103,3664,3,[1 2 3],3344,1832,28,32.3,2015-06-01,21:09:50
1104,1979,0,[1 2],500,421,191,43.76,2003-06-05,02:37:32
1105,3027,0,[1 2 3 4],777,569,203,38.47,2003-06-05,02:37:32
1106,2661,0,[1 2 3],3557,1088,158,43.04,2003-06-05,02:37:32
1107,1062,0,[1 2 3 4],2329,43,92,1047.14,2003-06-05,02:37:32
1108,4682,1,[1 2],1865,3476,221,7.04,2003-06-05,02:37:32
1109,4641,1,[1 2 3 4],2938,3872,132,31.78,2003-06-05,02:37:32
1110,4514,1,[1 2 3],2843,23,98,37.11,2003-06-05,02:37:32
1111,1675,1,[1 2 3 4],1128,4333,232,19.7,2003-06-05,02:37:32
1112,4589,2,[1 2],18,4684,202,17.47,2003-06-05,02:37:32
1113,3523,2,[1 2 3 4],1971,3353,33,10.04,2003-06-05,02:37:32
1114,4296,2,[1 2 3],2149,4563,151,668.07,2003-06-05,02:37:32
1115,3429,2,[1 2 3 4],610,1585,245,106.72,2003-06-05,02:37:32
1116,2365,3,[1 2],1784,4295,177,13.27,2003-06-05,02:37:32
1117,4332,3,[1 2 3 4],2270,4188,91,542.82,2003-06-05,02:37:32
1118,180,3,[1 2 3],691,1898,121,8.51,2003-06-05,02:37:32
1119,3229,3,[1 2 3 4],3745,1563,227,44.33,2003-06-05,02:37:32
1120,2560,0,[1],1383,3569,109,11.54,2009-11-16,21:21:20
1121,4912,0,[1],3076,2931,171,121.72,2007-06-16,03:06:10
1122,854,0,[1],2966,2948,80,866.05,2007-06-16,03:06:10
1123,4526,0,[1],2498,2835,108,18.3,2007-06-16,03:06:10
1124,1708,1,[1],2401,3399,80,268.5,2007-06-16,03:06:10
1125,4337,1,[1],2588,2317,196,18.03,2007-06-16,03:06:10
1126,1264,1,[1],535,1948,171,18.25,2007-06-16,03:06:10
1127,1278,2,[1],21,4417,191,350.43,2007-06-16,03:06:10
1128,1003,2,[1],1477,2129,201,17.16,2007-06-16,03:06:10
1129,1393,2,[1],2943,732,15,18.36,2007-06-16,03:06:10
1130,1382,0,[1 2],1907,4898,11,17.22,2020-04-19,03:15:37
1131,3365,0,[1 2],2000,2105,210,27.08,2020-04-19,03:15:37
1132,1945,0,[1 2],1839,3041,15,18.66,2020-04-19,03:15:37
1133,4540,0,[1],2565,4312,131,91.24,2020-04-19,03:15:37
1134,4349,1,[1 2],1102,4992,23,17.52,2020-04-19,03:15:37
1135,993,1,[1 2],569,536,90,25.0,2020-04-19,03:15:37
1136,514,1,[1 2],3219,3040,155,27.24,2020-04-19,03:15:37
1137,1824,1,[1],3730,1228,234,65.31,2020-04-19,03:15:37
1138,3601,2,[1 2],2140,3913,123,649.32,2020-04-19,03:15:37
1139,1058,2,[1 2],1885,2793,158,22.2,2020-04-19,03:15:37
1140,4911,2,[1 2],1597,737,114,35.64,2020-04-19,03:15:37
1141,2572,2,[1],3605,3599,149,32.54,2020-04-19,03:15:37
1142,762,3,[1 2],2370,211,7,753.21,2020-04-19,03:15:37
1143,3129,3,[1 2],2688,2977,56,142.12,2020-04-19,03:15:37
1144,4373,3,[1 2],1646,1018,73,8.06,2020-04-19,03:15:37
1145,1797,3,[1],2130,4519,163,915.14,2020-04-19,03:15:37
1146,844,0,[1],3522,4614,242,24.94,2004-12-14,14:23:49
1147,330,0,[1 2 3],3288,2438,97,49.24,2004-12-14,14:23:49
1148,2081,1,[1],169,2730,113,201.82,2004-12-14,14:23:49
1149,3485,1,[1 2 3],3597,1115,145,19.91,2004-12-14,14:23:49
1150,4842,0,[1],2996,1066,44,204.19,2011-01-02,04:56:39
1151,4303,0,[1 2 3 4],33,367,88,31.57,2011-01-02,04:56:39
1152,2825,1,[1],835,1595,117,102.4,2011-01-02,04:56:39
1153,470,1,[1 2 3 4],1865,3476,85,7.04,2011-01-02,04:56:39
1154,1905,0,[1 2],294,1791,65,1195.83,2010-12-15,17:35:17
1155,433,0,[1],3415,3374,202,44.95,2010-12-15,17:35:17
1156,2517,0,[1 2 3],1245,85,6,1805.98,2010-12-15,17:35:17
1157,4971,0,[1 2],2826,4213,68,8.42,2010-12-15,17:35:17
1158,2967,1,[1 2],3096,2806,189,14.19,2010-12-15,17:35:17
1159,389,1,[1],2402,2478,103,596.53,2010-12-15,17:35:17
1160,4116,1,[1 2 3],1583,2269,5,13.05,2010-12-15,17:35:17
1161,4204,1,[1 2],3629,1652,145,153.38,2010-12-15,17:35:17
1162,1835,2,[1 2],1181,4785,106,10.65,2010-12-15,17:35:17
1163,2634,2,[1],3341,2259,38,174.85,2010-12-15,17:35:17
1164,4355,2,[1 2 3],491,1637,15,44.38,2010-12-15,17:35:17
1165,3591,2,[1 2],1231,4170,98,1045.44,2010-12-15,17:35:17
1166,2854,3,[1 2],848,3753,233,45.06,2010-12-15,17:35:17
1167,1010,3,[1],3624,3231,185,119.83,2010-12-15,17:35:17
1168,2860,3,[1 2 3],3658,748,69,64.2,2010-12-15,17:35:17
1169,3943,3,[1 2],684,4369,69,21.01,2010-12-15,17:35:17
1170,2550,0,[1],3187,3827,244,15.64,2014-07-24,12:26:58
1171,191,0,[1 2 3 4],2427,32,232,13.27,2014-07-24,12:26:58
1172,4670,0,[1 2],1160,4904,101,45.74,2014-07-24,12:26:58
1173,3846,0,[1 2 3],1357,1886,77,36.98,2014-07-24,12:26:58
1174,3608,1,[1],118,3185,95,2204.22,2014-07-24,12:26:58
1175,2756,1,[1 2 3 4],435,577,61,25.71,2014-07-24,12:26:58
1176,1025,1,[1 2],1950,293,224,104.96,2014-07-24,12:26:58
1177,3439,1,[1 2 3],3007,3281,42,12.73,2014-07-24,12:26:58
1178,1755,2,[1],856,2980,219,22.83,2014-07-24,12:26:58
1179,600,2,[1 2 3 4],772,3526,16,7.87,2014-07-24,12:26:58
1180,3053,2,[1 2],2248,543,101,229.61,2014-07-24,12:26:58
1181,1879,2,[1 2 3],1543,950,133,16.01,2014-07-24,12:26:58
1182,677,3,[1],45,661,2,6.82,2014-07-24,12:26:58
1183,50,3,[1 2 3 4],2811,679,188,18.07,2014-07-24,12:26:58
1184,1290,3,[1 2],3436,3801,147,12.13,2014-07-24,12:26:58
1185,2358,3,[1 2 3],3434,3488,205,54.71,2014-07-24,12:26:58
1186,3391,0,[1],2241,3751,10,229.68,2001-01-09,21:30:41
1187,185,0,[1 2 3 4],2748,353,139,61.19,2022-12-20,20:49:36
1188,1210,0,[1],2148,3121,236,569.39,2022-12-20,20:49:36
1189,1126,0,[1],3428,3327,2,174.81,2022-12-20,20:49:36
1190,947,1,[1 2 3 4],766,3676,41,10.8,2022-12-20,20:49:36
1191,930,1,[1],3356,869,95,46.01,2022-12-20,20:49:36
1192,2640,1,[1],655,4169,140,11.08,2022-12-20,20:49:36
1193,779,2,[1 2 3 4],3032,1826,38,31.91,2022-12-20,20:49:36
1194,2227,2,[1],3429,518,143,15.39,2022-12-20,20:49:36
1195,556,2,[1],3122,2643,161,43.21,2022-12-20,20:49:36
1196,4452,0,[1],1857,1699,43,12.93,2010-06-19,23:15:19
1197,704,0,[1 2 3 4],1422,2513,130,7.59,2010-06-19,23:15:19
1198,579,1,[1],641,4755,92,34.27,2010-06-19,23:15:19
1199,1946,1,[1 2 3 4],2997,1091,104,43.75,2010-06-19,23:15:19
1200,498,0,[1 2 3],1500,4658,73,6.15,2003-05-20,20:17:38
1201,1055,0,[1 2 3 4],777,569,241,38.47,2003-05-20,20:17:38
1202,2262,1,[1 2 3],3371,922,41,29.34,2003-05-20,20:17:38
1203,1849,1,[1 2 3 4],869,425,48,2145.26,2003-05-20,20:17:38
1204,1602,0,[1],101,1656,110,31.17,2014-11-09,00:08:27
1205,1502,0,[1 2],2133,1868,167,380.67,2014-11-09,00:08:27
1206,4557,0,[1 2 3],3751,3404,105,30.67,2014-11-09,00:08:27
1207,4107,1,[1],3074,3685,14,26.58,2014-11-09,00:08:27
1208,147,1,[1 2],453,2318,38,7.02,2014-11-09,00:08:27
1209,4604,1,[1 2 3],531,4504,171,9.67,2014-11-09,00:08:27
1210,1922,2,[1],1533,318,140,27.76,2014-11-09,00:08:27
1211,27,2,[1 2],1357,2042,94,37.46,2014-11-09,00:08:27
1212,2700,2,[1 2 3],1244,1337,29,26.93,2014-11-09,00:08:27
1213,3853,0,[1 2],1691,541,138,5.58,2014-03-31,01:01:30
1214,1226,0,[1 2 3 4],3137,743,16,26.17,2014-03-31,01:01:30
1215,4298,0,[1],906,847,233,29.3,2014-03-31,01:01:30
1216,220,1,[1 2],2682,739,108,25.82,2014-03-31,01:01:30
1217,2836,1,[1 2 3 4],688,1757,23,8.3,2014-03-31,01:01:30
1218,2360,1,[1],3451,2574,209,24.08,2014-03-31,01:01:30
1219,2164,2,[1 2],2590,3807,206,44.92,2014-03-31,01:01:30
1220,2142,2,[1 2 3 4],744,1422,160,14.16,2014-03-31,01:01:30
1221,2786,2,[1],2385,2166,66,307.18,2014-03-31,01:01:30
1222,565,0,[1 2 3],311,1343,100,71.57,2017-03-30,11:05:51
1223,4287,0,[1 2 3 4],1986,3779,150,8.91,2016-04-07,18:11:09
1224,807,0,[1 2 3 4],3493,4392,133,42.05,2016-04-07,18:11:09
1225,2209,1,[1 2 3 4],612,4528,228,8.53,2016-04-07,18:11:09
1226,2244,1,[1 2 3 4],3804,4045,89,920.79,2016-04-07,18:11:09
1227,518,0,[1 2 3],2218,890,24,232.21,2020-10-23,11:31:27
1228,841,0,[1],2651,1023,21,7.79,2020-10-23,11:31:27
1229,2224,1,[1 2 3],3311,2446,167,30.35,2020-10-23,11:31:27
1230,950,1,[1],128,4042,99,17.2,2020-10-23,11:31:27
1231,3382,0,[1 2],423,3097,171,5.74,2000-07-16,21:05:07
1232,3838,0,[1 2],3646,462,173,17.91,2000-07-16,21:05:07
1233,3366,0,[1],3354,3775,6,48.6,2000-07-16,21:05:07
1234,2739,0,[1 2 3],929,4755,21,24.72,2000-07-16,21:05:07
1235,2470,1,[1 2],1115,4924,142,522.29,2000-07-16,21:05:07
1236,3672,1,[1 2],14,4032,221,33.55,2000-07-16,21:05:07
1237,4368,1,[1],3200,274,101,12.03,2000-07-16,21:05:07
1238,2579,1,[1 2 3],350,3587,58,16.37,2000-07-16,21:05:07
1239,2200,2,[1 2],724,533,3,28.03,2000-07-16,21:05:07
1240,4525,2,[1 2],1544,1268,83,15.74,2000-07-16,21:05:07
1241,1870,2,[1],1448,393,136,21.81,2000-07-16,21:05:07
1242,1838,2,[1 2 3],1893,68,99,7.78,2000-07-16,21:05:07
1243,3216,3,[1 2],3193,3437,32,45.34,2000-07-16,21:05:07
1244,2511,3,[1 2],493,2495,187,15.57,2000-07-16,21:05:07
1245,2848,3,[1],2185,1227,120,289.92,2000-07-16,21:05:07
1246,4259,3,[1 2 3],3580,3971,169,60.53,2000-07-16,21:05:07
1247,4662,0,[1],1607,2255,66,40.85,2019-07-08,03:08:07
1248,2505,0,[1 2 3],3050,1163,114,60.87,2003-01-09,11:05:27
1249,1277,0,[1],2755,4386,61,7.03,2003-01-09,11:05:27
1250,4468,0,[1],2735,1882,149,69.2,2003-01-09,11:05:27
1251,807,1,[1 2 3],3496,2364,114,62.41,2003-01-09,11:05:27
1252,203,1,[1],2777,3621,6,121.01,2003-01-09,11:05:27
1253,1198,1,[1],2019,3721,86,19.5,2003-01-09,11:05:27
1254,3201,2,[1 2 3],290,1610,90,92.21,2003-01-09,11:05:27
1255,4990,2,[1],1066,316,18,1516.91,2003-01-09,11:05:27
1256,1981,2,[1],1669,4904,39,21.23,2003-01-09,11:05:27
1257,2371,0,[1 2 3 4],662,2016,104,11.48,2007-04-16,07:25:25
1258,4527,0,[1 2 3 4],1504,3103,84,11.81,2003-03-12,08:18:02
1259,1647,0,[1 2],3624,3231,115,119.83,2003-03-12,08:18:02
1260,4337,1,[1 2 3 4],3290,601,203,62.26,2003-03-12,08:18:02
1261,1923,1,[1 2],1707,1334,96,10.07,2003-03-12,08:18:02
1262,2248,0,[1 2 3],606,4814,8,2085.39,2018-09-28,19:39:04
1263,2902,0,[1 2 3],1815,1926,10,13.04,2018-09-28,19:39:04
1264,4001,0,[1 2 3],1619,1809,249,7.92,2018-09-28,19:39:04
1265,702,1,[1 2 3],1676,3861,31,7.96,2018-09-28,19:39:04
1266,811,1,[1 2 3],2282,2835,241,655.28,2018-09-28,19:39:04
1267,28,1,[1 2 3],1907,344,33,14.0,2018-09-28,19:39:04
1268,4925,2,[1 2 3],2336,1532,81,907.46,2018-09-28,19:39:04
1269,4976,2,[1 2 3],3629,1652,168,153.38,2018-09-28,19:39:04
1270,3542,2,[1 2 3],1123,2973,150,36.42,2018-09-28,19:39:04
1271,2720,0,[1 2 3],3248,1870,49,63.26,2005-07-20,05:58:58
1272,2990,0,[1],426,1038,95,59.8,2005-07-20,05:58:58
1273,758,0,[1 2],3336,2504,63,55.19,2005-07-20,05:58:58
1274,1837,0,[1 2 3],1971,2622,93,12.12,2005-07-20,05:58:58
1275,3201,1,[1 2 3],3410,3195,107,14.06,2005-07-20,05:58:58
1276,1429,1,[1],2282,2835,173,655.28,2005-07-20,05:58:58
1277,3552,1,[1 2],351,4011,175,29.3,2005-07-20,05:58:58
1278,4449,1,[1 2 3],102,1960,225,10.69,2005-07-20,05:58:58
1279,2257,2,[1 2 3],2306,1730,13,988.3,2005-07-20,05:58:58
1280,1590,2,[1],3034,108,241,10.91,2005-07-20,05:58:58
1281,1091,2,[1 2],1731,700,17,23.39,2005-07-20,05:58:58
1282,4336,2,[1 2 3],2728,4654,54,230.27,2005-07-20,05:58:58
1283,4434,3,[1 2 3],1526,1299,34,6.44,2005-07-20,05:58:58
1284,3396,3,[1],769,2559,153,9.73,2005-07-20,05:58:58
1285,3389,3,[1 2],3419,3618,140,592.8,2005-07-20,05:58:58
1286,2886,3,[1 2 3],2357,1703,97,251.13,2005-07-20,05:58:58
1287,3751,0,[1 2 3],365,2305,109,22.35,2011-05-26,09:51:55
1288,3750,0,[1 2 3],116,4367,188,35.7,2008-03-06,07:24:25
1289,3484,0,[1],3546,2297,102,350.88,2008-03-06,07:24:25
1290,1967,0,[1 2 3],2349,2774,205,351.17,2008-03-06,07:24:25
1291,2991,0,[1 2],782,4339,138,218.81,2008-03-06,07:24:25
1292,4158,1,[1 2 3],2469,2374,229,39.53,2008-03-06,07:24:25
1293,2169,1,[1],302,1234,168,35.28,2008-03-06,07:24:25
1294,2949,1,[1 2 3],3255,117,182,92.56,2008-03-06,07:24:25
1295,4123,1,[1 2],1239,4732,83,12.79,2008-03-06,07:24:25
1296,3843,2,[1 2 3],1037,2788,155,84.93,2008-03-06,07:24:25
1297,2845,2,[1],3212,347,58,8.9,2008-03-06,07:24:25
1298,2626,2,[1 2 3],3563,4162,215,38.34,2008-03-06,07:24:25
1299,3489,2,[1 2],1693,1165,45,12.08,2008-03-06,07:24:25
1300,1371,3,[1 2 3],3799,4500,211,84.34,2008-03-06,07:24:25
1301,3118,3,[1],662,2016,40,11.48,2008-03-06,07:24:25
1302,16,3,[1 2 3],419,4838,104,10.68,2008-03-06,07:24:25
1303,2566,3,[1 2],2083,4565,122,7.76,2008-03-06,07:24:25
1304,4004,0,[1 2 3],1192,4722,160,7.03,2013-01-16,14:39:30
1305,742,0,[1],1327,4253,199,10.74,2008-04-14,11:34:49
1306,2422,0,[1 2 3 4],2793,1951,196,5.1,2008-04-14,11:34:49
1307,1917,0,[1 2 3],3715,2866,99,19.09,2008-04-14,11:34:49
1308,1483,1,[1],2123,4194,249,190.7,2008-04-14,11:34:49
1309,4412,1,[1 2 3 4],1122,3181,177,1996.53,2008-04-14,11:34:49
1310,1956,1,[1 2 3],3646,462,113,17.91,2008-04-14,11:34:49
1311,4049,2,[1],3551,1743,151,116.12,2008-04-14,11:34:49
1312,4108,2,[1 2 3 4],1753,3037,245,10.9,2008-04-14,11:34:49
1313,1584,2,[1 2 3],1739,4760,7,22.88,2008-04-14,11:34:49
1314,4467,0,[1],2083,1666,125,7.77,2011-05-21,16:40:18
1315,1513,0,[1 2 3 4],3792,1158,158,43.42,2011-05-21,16:40:18
1316,1469,0,[1 2],2840,4966,143,38.35,2011-05-21,16:40:18
1317,3655,1,[1],265,3622,151,102.24,2011-05-21,16:40:18
1318,1421,1,[1 2 3 4],341,1798,68,8.2,2011-05-21,16:40:18
1319,169,1,[1 2],2376,3659,190,254.2,2011-05-21,16:40:18
1320,2810,2,[1],28,4178,109,10.16,2011-05-21,16:40:18
1321,4486,2,[1 2 3 4],610,1585,66,106.72,2011-05-21,16:40:18
1322,3200,2,[1 2],786,4741,2,7.04,2011-05-21,16:40:18
1323,2859,0,[1],489,1994,114,24.63,2022-02-15,12:11:46
1324,2719,0,[1 2 3],955,142,16,1443.2,2016-08-21,07:18:00
1325,137,0,[1 2 3],2755,2488,243,7.13,2016-08-21,07:18:00
1326,2059,0,[1 2 3],3781,4019,3,17.93,2016-08-21,07:18:00
1327,2385,0,[1],814,2149,223,9.98,2016-08-21,07:18:00
1328,3671,1,[1 2 3],1060,4519,209,33.2,2016-08-21,07:18:00
1329,884,1,[1 2 3],2066,3992,229,26.77,2016-08-21,07:18:00
1330,3277,1,[1 2 3],3170,2866,182,9.3,2016-08-21,07:18:00
1331,4110,1,[1],2046,909,148,8.88,2016-08-21,07:18:00
1332,167,2,[1 2 3],1715,99,34,37.29,2016-08-21,07:18:00
1333,1356,2,[1 2 3],3466,126,179,17.43,2016-08-21,07:18:00
1334,1014,2,[1 2 3],1913,6,133,32.22,2016-08-21,07:18:00
1335,1958,2,[1],2726,1621,100,6.72,2016-08-21,07:18:00
1336,1022,3,[1 2 3],2542,1488,66,244.35,2016-08-21,07:18:00
1337,2634,3,[1 2 3],117,1113,98,10.48,2016-08-21,07:18:00
1338,1980,3,[1 2 3],1130,18,161,1766.29,2016-08-21,07:18:00
1339,4760,3,[1],2394,4992,52,479.67,2016-08-21,07:18:00
1340,2040,0,[1 2 3 4],3007,3281,239,12.73,2002-01-29,01:20:43
1341,3782,0,[1],894,680,240,225.07,2002-01-29,01:20:43
1342,3450,1,[1 2 3 4],2096,482,190,48.23,2002-01-29,01:20:43
1343,1589,1,[1],3593,4471,143,9.07,2002-01-29,01:20:43
1344,879,0,[1],3562,597,218,12.69,2017-04-22,21:59:25
1345,4948,0,[1 2 3],1816,763,116,11.18,2017-04-22,21:59:25
1346,4058,1,[1],1793,4566,188,16.2,2017-04-22,21:59:25
1347,1792,1,[1 2 3],2402,1542,135,552.1,2017-04-22,21:59:25
1348,4044,0,[1 2],2521,2193,206,22.75,2016-12-12,00:29:36
1349,4573,0,[1 2 3 4],3633,2097,196,82.52,2016-12-12,00:29:36
1350,4100,1,[1 2],925,2357,245,16.46,2016-12-12,00:29:36
1351,570,1,[1 2 3 4],2647,3275,103,121.05,2016-12-12,00:29:36
1352,398,0,[1 2 3 4],3667,1177,157,18.73,2020-07-22,23:47:52
1353,4287,0,[1 2 3],1546,1282,53,29.19,2020-07-22,23:47:52
1354,1817,0,[1 2],3328,2095,60,19.87,2020-07-22,23:47:52
1355,4023,1,[1 2 3 4],1454,2159,33,9.31,2020-07-22,23:47:52
1356,692,1,[1 2 3],490,2843,162,19.29,2020-07-22,23:47:52
1357,3482,1,[1 2],927,3755,178,48.64,2020-07-22,23:47:52
1358,1150,2,[1 2 3 4],2824,4241,4,22.39,2020-07-22,23:47:52
1359,4282,2,[1 2 3],1307,3903,214,13.25,2020-07-22,23:47:52
1360,3289,2,[1 2],1372,2392,8,185.02,2020-07-22,23:47:52
1361,3844,0,[1 2 3],97,1940,141,28.95,2003-01-28,01:03:20
1362,2061,0,[1 2],769,3468,8,12.6,2003-01-28,01:03:20
1363,326,0,[1 2],2989,3281,121,55.91,2003-01-28,01:03:20
1364,3796,0,[1 2],2055,1972,27,31.06,2003-01-28,01:03:20
1365,3165,1,[1 2 3],937,4423,64,48.82,2003-01-28,01:03:20
1366,3633,1,[1 2],409,711,93,68.41,2003-01-28,01:03:20
1367,3485,1,[1 2],939,2932,198,77.47,2003-01-28,01:03:20
1368,1090,1,[1 2],3416,321,37,17.82,2003-01-28,01:03:20
1369,2596,2,[1 2 3],306,4104,152,9.23,2003-01-28,01:03:20
1370,4830,2,[1 2],1946,4942,70,188.78,2003-01-28,01:03:20
1371,4700,2,[1 2],3251,2375,20,9.85,2003-01-28,01:03:20
1372,279,2,[1 2],1886,2828,107,48.4,2003-01-28,01:03:20
1373,3199,3,[1 2 3],1907,4898,47,17.22,2003-01-28,01:03:20
1374,3302,3,[1 2],3633,2097,121,82.52,2003-01-28,01:03:20
1375,2826,3,[1 2],1533,2152,13,29.49,2003-01-28,01:03:20
1376,3512,3,[1 2],555,2121,72,71.99,2003-01-28,01:03:20
1377,3264,0,[1 2],1370,3001,187,30.74,2013-09-13,08:43:56
1378,2143,0,[1 2 3 4],2387,4209,227,620.06,2013-09-13,08:43:56
1379,2170,1,[1 2],467,1556,161,17.71,2013-09-13,08:43:56
1380,3748,1,[1 2 3 4],3199,788,209,23.54,2013-09-13,08:43:56
1381,1435,0,[1 2 3 4],2105,1180,211,50.0,2008-03-29,06:35:08
1382,4002,0,[1 2 3 4],3727,1618,100,394.84,2008-03-29,06:35:08
1383,1290,1,[1 2 3 4],3318,500,248,311.84,2008-03-29,06:35:08
1384,1515,1,[1 2 3 4],3717,2544,17,16.57,2008-03-29,06:35:08
1385,4052,0,[1 2 3],2571,3207,88,1.88,2017-06-29,22:47:06
1386,1490,0,[1],2726,3489,210,7.3,2017-06-29,22:47:06
1387,2057,0,[1 2 3 4],1991,2920,34,26.89,2017-06-29,22:47:06
1388,2792,1,[1 2 3],2551,202,34,45.72,2017-06-29,22:47:06
1389,3463,1,[1],282,233,200,99.41,2017-06-29,22:47:06
1390,353,1,[1 2 3 4],2750,1983,181,17.77,2017-06-29,22:47:06
1391,2457,2,[1 2 3],3213,4107,213,92.16,2017-06-29,22:47:06
1392,3382,2,[1],3393,2288,10,112.44,2017-06-29,22:47:06
1393,1899,2,[1 2 3 4],3611,2819,179,8.85,2017-06-29,22:47:06
1394,156,0,[1 2 3 4],3269,4750,3,13.17,2018-10-31,01:46:16
1395,1852,0,[1],3793,3490,136,65.26,2018-10-31,01:46:16
1396,3524,1,[1 2 3 4],973,4352,213,876.55,2018-10-31,01:46:16
1397,26,1,[1],2506,2328,42,19.64,2018-10-31,01:46:16
1398,1071,0,[1 2 3 4],3590,4146,178,15.14,2022-07-16,09:16:04
1399,4603,0,[1 2 3 4],341,1798,189,8.2,2022-07-16,09:16:04
1400,3177,0,[1 2 3],2437,3942,87,77.71,2022-07-16,09:16:04
1401,3824,1,[1 2 3 4],1671,4048,27,8.73,2022-07-16,09:16:04
1402,86,1,[1 2 3 4],3279,2937,92,39.73,2022-07-16,09:16:04
1403,961,1,[1 2 3],1479,2371,27,9.39,2022-07-16,09:16:04
1404,4880,2,[1 2 3 4],2166,1240,185,333.96,2022-07-16,09:16:04
1405,3052,2,[1 2 3 4],227,4258,10,9.39,2022-07-16,09:16:04
1406,1748,2,[1 2 3],690,1423,54,9.65,2022-07-16,09:16:04
1407,2495,0,[1 2 3],1913,1853,116,29.93,2001-03-13,05:33:09
1408,4564,0,[1 2],1361,1136,228,64.08,2001-03-13,05:33:09
1409,1119,0,[1 2],769,3468,119,12.6,2001-03-13,05:33:09
1410,933,1,[1 2 3],860,250,33,64.39,2001-03-13,05:33:09
1411,1822,1,[1 2],650,2912,219,35.04,2001-03-13,05:33:09
1412,2557,1,[1 2],2084,3764,146,14.15,2001-03-13,05:33:09
1413,4331,2,[1 2 3],3732,862,72,62.11,2001-03-13,05:33:09
1414,3424,2,[1 2],1114,4013,170,19.19,2001-03-13,05:33:09
1415,127,2,[1 2],3093,4882,110,70.65,2001-03-13,05:33:09
1416,4190,0,[1 2 3 4],46,4831,30,56.02,2013-02-18,21:04:56
1417,1225,0,[1],1022,1116,187,23.95,2006-05-01,21:36:45
1418,516,0,[1 2 3],379,4861,48,44.58,2001-09-14,09:24:46
1419,266,0,[1],2059,3663,153,11.18,2001-09-14,09:24:46
1420,3179,0,[1],916,3443,115,12.47,2001-09-14,09:24:46
1421,398,0,[1],2058,2805,30,15.56,2001-09-14,09:24:46
1422,4889,1,[1 2 3],629,1753,144,70.28,2001-09-14,09:24:46
1423,1210,1,[1],908,139,29,25.32,2001-09-14,09:24:46
1424,3716,1,[1],449,749,1,9.51,2001-09-14,09:24:46
1425,3451,1,[1],1112,2939,228,10.89,2001-09-14,09:24:46
1426,3354,2,[1 2 3],1435,4202,10,94.17,2001-09-14,09:24:46
1427,4342,2,[1],2947,1738,143,22.34,2001-09-14,09:24:46
1428,4755,2,[1],2007,2933,118,33.04,2001-09-14,09:24:46
1429,4848,2,[1],590,2377,80,18.54,2001-09-14,09:24:46
1430,706,3,[1 2 3],2517,4596,69,42.02,2001-09-14,09:24:46
1431,3190,3,[1],3265,2034,34,7.96,2001-09-14,09:24:46
1432,340,3,[1],1343,753,57,17.21,2001-09-14,09:24:46
1433,4232,3,[1],1979,614,73,19.46,2001-09-14,09:24:46
1434,4192,0,[1 2],1221,355,163,1105.97,2021-01-26,11:57:45
1435,2861,0,[1 2 3],2675,108,112,19.77,2021-01-26,11:57:45
1436,2413,0,[1],3520,345,175,208.97,2021-01-26,11:57:45
1437,4676,0,[1 2],962,4331,71,1462.76,2021-01-26,11:57:45
1438,4418,1,[1 2],2428,2406,168,130.15,2021-01-26,11:57:45
1439,175,1,[1 2 3],3259,3008,187,20.11,2021-01-26,11:57:45
1440,1656,1,[1],2293,3660,148,161.75,2021-01-26,11:57:45
1441,1671,1,[1 2],684,4369,164,21.01,2021-01-26,11:57:45
1442,2883,2,[1 2],1768,3302,95,14.5,2021-01-26,11:57:45
1443,2069,2,[1 2 3],2105,4983,84,43.07,2021-01-26,11:57:45
1444,3262,2,[1],1452,4463,193,17.02,2021-01-26,11:57:45
1445,3161,2,[1 2],444,1239,179,31.95,2021-01-26,11:57:45
1446,3447,3,[1 2],2176,2133,12,223.6,2021-01-26,11:57:45
1447,4364,3,[1 2 3],489,3418,3,25.14,2021-01-26,11:57:45
1448,126,3,[1],1431,995,179,19.65,2021-01-26,11:57:45
1449,877,3,[1 2],205,2197,42,7.86,2021-01-26,11:57:45
1450,811,0,[1 2],293,115,114,879.54,2007-06-25,15:07:55
1451,3443,0,[1 2 3],2216,3998,65,187.69,2007-06-25,15:07:55
1452,3623,1,[1 2],2905,4150,150,31.02,2007-06-25,15:07:55
1453,274,1,[1 2 3],1695,4919,168,6.86,2007-06-25,15:07:55
1454,4626,0,[1],1866,1468,92,9.17,2012-02-05,21:54:52
1455,2573,0,[1],2785,3376,74,510.99,2012-02-05,21:54:52
1456,3961,1,[1],2755,4386,154,7.03,2012-02-05,21:54:52
1457,3905,1,[1],3683,4619,227,179.13,2012-02-05,21:54:52
1458,3182,0,[1 2 3],3716,4830,188,16.04,2001-06-21,09:08:46
1459,1524,0,[1 2],1587,3147,46,7.6,2001-06-21,09:08:46
1460,799,0,[1 2 3],1550,4488,32,11.92,2001-06-21,09:08:46
1461,1740,1,[1 2 3],3047,1792,211,53.1,2001-06-21,09:08:46
1462,1698,1,[1 2],3038,2281,16,17.3,2001-06-21,09:08:46
1463,3867,1,[1 2 3],2245,1059,126,90.67,2001-06-21,09:08:46
1464,827,2,[1 2 3],2142,4026,91,689.17,2001-06-21,09:08:46
1465,1016,2,[1 2],939,2932,55,77.47,2001-06-21,09:08:46
1466,3637,2,[1 2 3],1671,3295,101,11.26,2001-06-21,09:08:46
1467,1089,0,[1 2 3],3268,1656,234,190.04,2011-08-01,18:13:44
1468,4097,0,[1 2],2668,272,18,26.89,2010-02-28,09:19:22
1469,4014,0,[1 2],3113,4273,131,76.88,2019-10-18,18:13:50
1470,3049,0,[1 2 3],3128,4607,86,628.05,2019-10-18,18:13:50
1471,764,0,[1 2 3],1085,3515,200,116.49,2019-10-18,18:13:50
1472,980,1,[1 2],2172,9,90,107.58,2019-10-18,18:13:50
1473,2893,1,[1 2 3],2768,323,249,27.57,2019-10-18,18:13:50
1474,3583,1,[1 2 3],5,4840,48,37.32,2019-10-18,18:13:50
1475,2784,2,[1 2],1118,4306,103,1047.17,2019-10-18,18:13:50
1476,3096,2,[1 2 3],118,3185,26,2204.22,2019-10-18,18:13:50
1477,2170,2,[1 2 3],2719,994,203,18.57,2019-10-18,18:13:50
1478,418,0,[1 2 3 4],3572,3631,192,48.82,2008-08-15,15:02:00
1479,1015,0,[1 2],3110,4685,84,132.86,2007-03-19,18:04:43
1480,3409,0,[1 2 3],2802,401,9,289.25,2007-03-19,18:04:43
1481,715,1,[1 2],825,1250,234,21.81,2007-03-19,18:04:43
1482,3796,1,[1 2 3],2715,4988,15,14.55,2007-03-19,18:04:43
1483,4682,0,[1 2],1581,2398,36,37.7,2017-06-18,11:38:25
1484,4280,0,[1 2 3 4],3091,76,206,8.36,2017-06-18,11:38:25
1485,3142,0,[1 2 3 4],3703,111,28,15.07,2017-06-18,11:38:25
1486,4155,0,[1 2],2257,1502,124,210.47,2017-06-18,11:38:25
1487,3214,1,[1 2],1832,3419,49,22.9,2017-06-18,11:38:25
1488,4004,1,[1 2 3 4],484,924,249,16.59,2017-06-18,11:38:25
1489,3338,1,[1 2 3 4],3158,3016,246,39.49,2017-06-18,11:38:25
1490,4861,1,[1 2],3743,1796,50,212.29,2017-06-18,11:38:25
1491,2737,2,[1 2],868,4180,49,2268.72,2017-06-18,11:38:25
1492,3286,2,[1 2 3 4],2962,4429,228,140.0,2017-06-18,11:38:25
1493,4480,2,[1 2 3 4],2815,4940,213,159.26,2017-06-18,11:38:25
1494,3029,2,[1 2],1924,491,156,22.47,2017-06-18,11:38:25
1495,4183,3,[1 2],2451,3894,156,28.56,2017-06-18,11:38:25
1496,1899,3,[1 2 3 4],1682,1645,206,11.98,2017-06-18,11:38:25
1497,3535,3,[1 2 3 4],171,1875,223,10.88,2017-06-18,11:38:25
1498,160,3,[1 2],1048,1493,2,18.19,2017-06-18,11:38:25
1499,1638,0,[1 2],2775,484,184,15.09,2007-06-08,03:32:04
1500,2329,0,[1 2 3],216,1784,111,12.41,2007-06-08,03:32:04
1501,829,0,[1 2],7,944,154,18.61,2007-06-08,03:32:04
1502,3823,1,[1 2],1150,1109,124,16.32,2007-06-08,03:32:04
1503,1414,1,[1 2 3],2907,927,212,7.6,2007-06-08,03:32:04
1504,2287,1,[1 2],1655,3665,216,10.95,2007-06-08,03:32:04
1505,1713,2,[1 2],3031,1606,24,88.78,2007-06-08,03:32:04
1506,4334,2,[1 2 3],1473,2146,212,18.88,2007-06-08,03:32:04
1507,4738,2,[1 2],155,1417,181,18.11,2007-06-08,03:32:04
1508,4261,0,[1],3438,494,217,1044.88,2006-01-17,00:57:00
1509,2117,0,[1 2 3],2917,1137,153,9.15,2006-01-17,00:57:00
1510,4506,1,[1],1614,2111,129,14.11,2006-01-17,00:57:00
1511,4982,1,[1 2 3],1109,1318,14,15.97,2006-01-17,00:57:00
1512,1185,0,[1],3623,4485,16,27.21,2000-05-08,23:13:43
1513,3040,0,[1 2 3],972,1858,135,43.95,2000-05-08,23:13:43
1514,3953,0,[1 2 3],2005,1419,175,32.62,2000-05-08,23:13:43
1515,2037,1,[1],693,4142,239,9.75,2000-05-08,23:13:43
1516,4194,1,[1 2 3],813,2173,42,92.7,2000-05-08,23:13:43
1517,4171,1,[1 2 3],1875,1442,34,77.96,2000-05-08,23:13:43
1518,1510,2,[1],2782,1244,177,473.41,2000-05-08,23:13:43
1519,4844,2,[1 2 3],2456,1495,114,44.01,2000-05-08,23:13:43
1520,2603,2,[1 2 3],1648,1862,78,14.42,2000-05-08,23:13:43
1521,1168,0,[1 2 3 4],2420,573,229,33.28,2015-06-10,07:22:37
1522,1109,0,[1 2 3],2703,1969,74,19.34,2015-06-10,07:22:37
1523,906,0,[1],2639,1997,170,16.55,2015-06-10,07:22:37
1524,1520,1,[1 2 3 4],2516,4232,71,380.68,2015-06-10,07:22:37
1525,3565,1,[1 2 3],2889,3050,188,67.07,2015-06-10,07:22:37
1526,1893,1,[1],540,4077,145,8.93,2015-06-10,07:22:37
1527,2909,2,[1 2 3 4],2583,3339,245,17.6,2015-06-10,07:22:37
1528,76,2,[1 2 3],1440,1641,241,11.92,2015-06-10,07:22:37
1529,3347,2,[1],1685,986,21,10.9,2015-06-10,07:22:37
1530,382,0,[1 2 3],2815,4940,24,159.26,2018-12-19,17:00:26
1531,1259,0,[1 2],3642,4238,60,21.9,2018-12-19,17:00:26
1532,3892,0,[1 2],65,3000,22,9.44,2018-12-19,17:00:26
1533,4194,0,[1],3193,3469,57,52.02,2018-12-19,17:00:26
1534,3245,1,[1 2 3],800,1602,101,86.68,2018-12-19,17:00:26
1535,2280,1,[1 2],3398,3782,211,47.88,2018-12-19,17:00:26
1536,3220,1,[1 2],639,2513,186,20.47,2018-12-19,17:00:26
1537,381,1,[1],1964,630,84,28.21,2018-12-19,17:00:26
1538,2426,2,[1 2 3],523,222,69,8.35,2018-12-19,17:00:26
1539,4829,2,[1 2],2570,4503,221,79.3,2018-12-19,17:00:26
1540,3854,2,[1 2],1471,1371,14,324.31,2018-12-19,17:00:26
1541,188,2,[1],3377,121,195,35.23,2018-12-19,17:00:26
1542,3795,3,[1 2 3],1338,3170,33,22.54,2018-12-19,17:00:26
1543,2831,3,[1 2],1490,2331,12,15.62,2018-12-19,17:00:26
1544,2852,3,[1 2],3061,542,114,26.7,2018-12-19,17:00:26
1545,2129,3,[1],1156,4723,73,33.23,2018-12-19,17:00:26
1546,966,0,[1 2],1994,2222,123,40.24,2019-11-05,15:27:18
1547,1754,0,[1 2 3 4],3560,1689,154,17.99,2019-11-05,15:27:18
1548,4214,0,[1 2],1477,738,91,21.7,2019-11-05,15:27:18
1549,1538,1,[1 2],752,64,211,184.79,2019-11-05,15:27:18
1550,3198,1,[1 2 3 4],2462,2264,179,22.47,2019-11-05,15:27:18
1551,4155,1,[1 2],920,3566,155,7.92,2019-11-05,15:27:18
1552,635,2,[1 2],3210,3042,169,52.89,2019-11-05,15:27:18
1553,2513,2,[1 2 3 4],2625,3891,16,286.99,2019-11-05,15:27:18
1554,4631,2,[1 2],2378,2069,147,1590.79,2019-11-05,15:27:18
1555,1374,0,[1 2 3],3216,4261,53,81.91,2015-08-28,16:24:21
1556,247,0,[1],208,2308,89,18.48,2015-08-28,16:24:21
1557,1428,1,[1 2 3],2881,2562,204,47.48,2015-08-28,16:24:21
1558,2181,1,[1],1239,4732,51,12.79,2015-08-28,16:24:21
1559,4107,0,[1],2824,4241,4,22.39,2019-02-15,14:30:37
1560,1746,0,[1 2 3],3655,1385,239,163.77,2019-02-15,14:30:37
1561,654,0,[1 2 3],1845,4357,163,7.12,2019-02-15,14:30:37
1562,2993,1,[1],2344,1827,80,30.13,2019-02-15,14:30:37
1563,2546,1,[1 2 3],56,4637,100,2118.27,2019-02-15,14:30:37
1564,2754,1,[1 2 3],1579,1840,119,20.88,2019-02-15,14:30:37
1565,3455,2,[1],1394,342,20,13.26,2019-02-15,14:30:37
1566,2580,2,[1 2 3],242,4657,108,11.78,2019-02-15,14:30:37
1567,565,2,[1 2 3],240,3713,22,9.82,2019-02-15,14:30:37
1568,1789,0,[1],2075,4515,19,21.0,2009-06-26,19:20:50
1569,3519,0,[1],979,1486,97,27.16,2009-06-26,19:20:50
1570,2197,0,[1 2 3 4],1980,2169,150,9.41,2009-06-26,19:20:50
1571,2048,1,[1],1615,2909,26,279.86,2009-06-26,19:20:50
1572,2319,1,[1],1585,4227,110,12.37,2009-06-26,19:20:50
1573,3819,1,[1 2 3 4],2549,3647,158,26.2,2009-06-26,19:20:50
1574,1489,2,[1],1490,3983,205,13.81,2009-06-26,19:20:50
1575,3735,2,[1],2889,4802,170,70.81,2009-06-26,19:20:50
1576,2472,2,[1 2 3 4],2685,609,91,89.15,2009-06-26,19:20:50
1577,2552,0,[1 2 3 4],1522,4459,155,19.85,2022-06-28,13:53:17
1578,1925,0,[1 2 3],1580,532,169,16.85,2022-06-28,13:53:17
1579,1119,0,[1 2 3 4],1220,3287,46,1090.68,2022-06-28,13:53:17
1580,3967,0,[1 2 3 4],2086,2214,129,22.52,2022-06-28,13:53:17
1581,2939,1,[1 2 3 4],3557,3050,72,37.41,2022-06-28,13:53:17
1582,1876,1,[1 2 3],2382,2062,137,547.01,2022-06-28,13:53:17
1583,3818,1,[1 2 3 4],98,4659,64,13.8,2022-06-28,13:53:17
1584,1539,1,[1 2 3 4],2918,44,249,183.48,2022-06-28,13:53:17
1585,692,2,[1 2 3 4],1927,2328,148,157.47,2022-06-28,13:53:17
1586,1849,2,[1 2 3],408,3547,91,10.79,2022-06-28,13:53:17
1587,767,2,[1 2 3 4],964,1608,78,527.27,2022-06-28,13:53:17
1588,2127,2,[1 2 3 4],2560,2336,107,11.29,2022-06-28,13:53:17
1589,4410,3,[1 2 3 4],2602,2480,74,19.12,2022-06-28,13:53:17
1590,1821,3,[1 2 3],418,1539,190,61.24,2022-06-28,13:53:17
1591,4040,3,[1 2 3 4],3404,1103,87,135.46,2022-06-28,13:53:17
1592,4607,3,[1 2 3 4],1177,302,176,11.1,2022-06-28,13:53:17
1593,223,0,[1 2 3 4],2566,2593,5,15.81,2000-11-08,18:09:43
1594,2931,0,[1 2 3 4],2270,1793,144,599.79,2000-11-08,18:09:43
1595,1084,0,[1],279,1226,240,10.75,2000-11-08,18:09:43
1596,1696,0,[1 2 3],59,2054,156,1059.88,2000-11-08,18:09:43
1597,472,1,[1 2 3 4],139,4664,198,10.0,2000-11-08,18:09:43
1598,2042,1,[1 2 3 4],1041,2726,160,16.76,2000-11-08,18:09:43
1599,3883,1,[1],1980,2528,106,8.75,2000-11-08,18:09:43
1600,1655,1,[1 2 3],47,3360,119,1332.89,2000-11-08,18:09:43
1601,786,2,[1 2 3 4],1882,4174,137,9.54,2000-11-08,18:09:43
1602,2702,2,[1 2 3 4],3297,3897,172,17.62,2000-11-08,18:09:43
1603,3346,2,[1],2338,1131,133,867.45,2000-11-08,18:09:43
1604,1000,2,[1 2 3],3432,4785,239,7.4,2000-11-08,18:09:43
1605,4570,3,[1 2 3 4],3688,537,122,117.22,2000-11-08,18:09:43
1606,2958,3,[1 2 3 4],404,4614,199,1125.61,2000-11-08,18:09:43
1607,551,3,[1],2333,1991,157,739.21,2000-11-08,18:09:43
1608,2385,3,[1 2 3],2267,1945,65,96.1,2000-11-08,18:09:43
1609,1984,0,[1 2],1690,3593,80,14.42,2018-08-31,01:54:37
1610,4865,0,[1 2 3 4],2533,1188,189,121.88,2008-09-29,19:42:56
1611,3084,0,[1],1699,3234,204,17.67,2008-09-29,19:42:56
1612,1459,1,[1 2 3 4],1049,3500,113,1977.42,2008-09-29,19:42:56
1613,3257,1,[1],1903,895,6,15.52,2008-09-29,19:42:56
1614,564,0,[1 2],428,528,213,7.05,2016-06-03,22:48:05
1615,4248,0,[1 2 3],2767,4007,83,27.09,2016-06-03,22:48:05
1616,1191,0,[1 2 3],262,3869,19,41.1,2016-06-03,22:48:05
1617,3064,1,[1 2],2621,4338,43,34.5,2016-06-03,22:48:05
1618,4716,1,[1 2 3],1404,234,7,152.47,2016-06-03,22:48:05
1619,2744,1,[1 2 3],75,1995,24,9.74,2016-06-03,22:48:05
1620,4983,2,[1 2],1865,3476,10,7.04,2016-06-03,22:48:05
1621,3641,2,[1 2 3],813,4286,34,83.68,2016-06-03,22:48:05
1622,3089,2,[1 2 3],442,3980,192,15.35,2016-06-03,22:48:05
1623,3763,0,[1],1221,3583,114,1167.35,2010-12-06,01:04:17
1624,732,0,[1 2],381,416,236,68.93,2010-12-06,01:04:17
1625,4732,0,[1 2 3 4],1648,1862,185,14.42,2010-12-06,01:04:17
1626,1935,0,[1],530,3691,139,20.19,2010-12-06,01:04:17
1627,3156,1,[1],686,3172,151,53.27,2010-12-06,01:04:17
1628,2787,1,[1 2],1694,3535,232,27.38,2010-12-06,01:04:17
1629,3552,1,[1 2 3 4],3639,529,115,154.37,2010-12-06,01:04:17
1630,906,1,[1],1262,2709,182,174.58,2010-12-06,01:04:17
1631,2714,2,[1],300,4872,52,15.71,2010-12-06,01:04:17
1632,2085,2,[1 2],65,3000,52,9.44,2010-12-06,01:04:17
1633,2520,2,[1 2 3 4],2050,782,96,19.43,2010-12-06,01:04:17
1634,142,2,[1],3540,4788,91,468.14,2010-12-06,01:04:17
1635,1484,3,[1],261,1200,37,6.39,2010-12-06,01:04:17
1636,661,3,[1 2],2205,2833,37,838.51,2010-12-06,01:04:17
1637,131,3,[1 2 3 4],3356,693,23,52.71,2010-12-06,01:04:17
1638,4948,3,[1],497,956,213,12.05,2010-12-06,01:04:17
1639,3579,0,[1 2 3 4],1069,1413,177,43.34,2001-03-07,06:16:22
1640,544,0,[1 2 3],3626,4401,118,24.84,2001-03-07,06:16:22
1641,408,0,[1],1507,232,130,18.3,2001-03-07,06:16:22
1642,2331,0,[1 2 3 4],3641,1547,88,19.06,2001-03-07,06:16:22
1643,3668,1,[1 2 3 4],195,933,232,10.98,2001-03-07,06:16:22
1644,1920,1,[1 2 3],353,1829,204,1204.99,2001-03-07,06:16:22
1645,4756,1,[1],2738,230,187,16.68,2001-03-07,06:16:22
1646,1119,1,[1 2 3 4],2038,973,58,35.62,2001-03-07,06:16:22
1647,1600,2,[1 2 3 4],2767,3641,146,28.46,2001-03-07,06:16:22
1648,4843,2,[1 2 3],3595,727,54,163.51,2001-03-07,06:16:22
1649,254,2,[1],2453,498,110,20.41,2001-03-07,06:16:22
1650,3860,2,[1 2 3 4],1475,1614,84,8.03,2001-03-07,06:16:22
1651,2455,3,[1 2 3 4],342,2632,50,11.51,2001-03-07,06:16:22
1652,964,3,[1 2 3],2215,4394,53,548.73,2001-03-07,06:16:22
1653,3627,3,[1],2404,2720,45,207.99,2001-03-07,06:16:22
1654,1925,3,[1 2 3 4],3653,1788,111,17.55,2001-03-07,06:16:22
1655,797,0,[1 2 3],2391,1039,43,851.38,2004-07-23,06:25:52
1656,2764,0,[1],2278,137,119,481.46,2004-07-23,06:25:52
1657,1135,0,[1 2],1821,1324,118,12.35,2004-07-23,06:25:52
1658,2731,1,[1 2 3],3803,3711,236,176.2,2004-07-23,06:25:52
1659,3245,1,[1],3299,1279,41,47.39,2004-07-23,06:25:52
1660,2280,1,[1 2],23,3169,32,16.73,2004-07-23,06:25:52
1661,3833,2,[1 2 3],3747,1902,220,38.91,2004-07-23,06:25:52
1662,4830,2,[1],251,3416,59,52.34,2004-07-23,06:25:52
1663,380,2,[1 2],1633,2289,67,13.28,2004-07-23,06:25:52
1664,4125,0,[1 2 3],3356,693,72,52.71,2005-11-27,00:00:19
1665,2539,0,[1 2 3],3208,1502,97,148.92,2005-11-27,00:00:19
1666,3146,0,[1 2 3],3792,4354,153,52.42,2005-11-27,00:00:19
1667,326,1,[1 2 3],3273,4088,15,20.04,2005-11-27,00:00:19
1668,4579,1,[1 2 3],2986,261,179,94.39,2005-11-27,00:00:19
1669,3940,1,[1 2 3],2790,3774,238,22.01,2005-11-27,00:00:19
1670,884,2,[1 2 3],2536,3163,86,26.46,2005-11-27,00:00:19
1671,3780,2,[1 2 3],795,1361,47,1433.77,2005-11-27,00:00:19
1672,4061,2,[1 2 3],538,1436,167,36.66,2005-11-27,00:00:19
1673,1247,0,[1 2],3679,471,246,36.56,2019-07-20,04:35:16
1674,3137,0,[1 2 3],3785,710,216,20.46,2003-03-06,23:00:34
1675,4250,0,[1],244,821,168,44.07,2021-11-23,13:54:34
1676,2995,0,[1 2],771,132,235,23.06,2008-08-22,07:07:14
1677,305,0,[1],3534,3420,106,16.37,2008-08-22,07:07:14
1678,2274,1,[1 2],907,1856,55,541.48,2008-08-22,07:07:14
1679,3239,1,[1],474,4839,46,22.94,2008-08-22,07:07:14
1680,669,0,[1],1587,1867,35,6.94,2021-04-19,03:51:37
1681,3987,0,[1 2],3312,3203,109,143.33,2021-04-19,03:51:37
1682,2755,0,[1],2147,4447,35,731.08,2021-04-19,03:51:37
1683,4956,0,[1 2 3 4],1716,4476,116,54.51,2021-04-19,03:51:37
1684,1283,1,[1],3815,2064,88,10.33,2021-04-19,03:51:37
1685,1848,1,[1 2],1707,1334,76,10.07,2021-04-19,03:51:37
1686,2330,1,[1],1874,2256,173,15.95,2021-04-19,03:51:37
1687,1562,1,[1 2 3 4],1582,3960,41,8.85,2021-04-19,03:51:37
1688,1063,2,[1],3633,4430,206,99.01,2021-04-19,03:51:37
1689,2934,2,[1 2],2983,3815,179,247.17,2021-04-19,03:51:37
1690,2391,2,[1],347,619,82,25.47,2021-04-19,03:51:37
1691,4272,2,[1 2 3 4],3022,3954,22,37.25,2021-04-19,03:51:37
1692,3926,3,[1],1087,4862,238,17.42,2021-04-19,03:51:37
1693,449,3,[1 2],3348,1264,5,11.5,2021-04-19,03:51:37
1694,4768,3,[1],3745,1563,103,44.33,2021-04-19,03:51:37
1695,1802,3,[1 2 3 4],2849,2651,112,12.96,2021-04-19,03:51:37
1696,3628,0,[1 2],2692,1274,6,9.86,2000-08-17,20:45:24
1697,139,0,[1 2 3 4],1923,1034,191,61.62,2000-08-17,20:45:24
1698,4261,0,[1 2 3],924,3299,46,143.96,2000-08-17,20:45:24
1699,1244,0,[1 2 3],102,4610,181,10.51,2000-08-17,20:45:24
1700,3896,1,[1 2],3550,464,99,33.07,2000-08-17,20:45:24
1701,1600,1,[1 2 3 4],1581,3753,245,36.89,2000-08-17,20:45:24
1702,1719,1,[1 2 3],2682,739,176,25.82,2000-08-17,20:45:24
1703,929,1,[1 2 3],1944,1305,207,12.61,2000-08-17,20:45:24
1704,3592,2,[1 2],1857,1699,200,12.93,2000-08-17,20:45:24
1705,2054,2,[1 2 3 4],3504,1651,162,31.97,2000-08-17,20:45:24
1706,2590,2,[1 2 3],1885,3480,247,22.25,2000-08-17,20:45:24
1707,12,2,[1 2 3],2738,191,11,17.42,2000-08-17,20:45:24
1708,3577,3,[1 2],3387,4155,7,11.77,2000-08-17,20:45:24
1709,3212,3,[1 2 3 4],3758,1473,92,28.58,2000-08-17,20:45:24
1710,1123,3,[1 2 3],635,501,205,74.21,2000-08-17,20:45:24
1711,3214,3,[1 2 3],1702,2350,109,13.13,2000-08-17,20:45:24
1712,2060,0,[1 2 3],83,4375,113,19.45,2022-10-05,17:55:35
1713,4531,0,[1 2 3],4,1706,5,29.62,2008-11-29,07:50:42
1714,3458,0,[1 2 3],3368,1779,39,83.57,2008-11-29,07:50:42
1715,537,0,[1],1062,2807,26,802.08,2008-11-29,07:50:42
1716,937,0,[1 2 3],3353,1235,64,27.46,2008-11-29,07:50:42
1717,267,1,[1 2 3],1974,1416,100,10.33,2008-11-29,07:50:42
1718,2552,1,[1 2 3],2629,342,82,272.41,2008-11-29,07:50:42
1719,2210,1,[1],1648,1862,4,14.42,2008-11-29,07:50:42
1720,1425,1,[1 2 3],1246,1380,61,11.53,2008-11-29,07:50:42
1721,543,2,[1 2 3],1123,2073,174,31.07,2008-11-29,07:50:42
1722,3935,2,[1 2 3],1605,4423,178,19.43,2008-11-29,07:50:42
1723,3171,2,[1],2499,2361,21,17.52,2008-11-29,07:50:42
1724,2696,2,[1 2 3],1536,3950,244,411.56,2008-11-29,07:50:42
1725,2705,3,[1 2 3],1745,1708,14,22.27,2008-11-29,07:50:42
1726,2198,3,[1 2 3],3107,2714,48,15.98,2008-11-29,07:50:42
1727,3109,3,[1],3520,345,22,208.97,2008-11-29,07:50:42
1728,395,3,[1 2 3],311,3223,141,66.84,2008-11-29,07:50:42
1729,471,0,[1],1123,2973,154,36.42,2022-06-26,14:03:49
1730,3465,0,[1],1802,2966,141,6.84,2003-06-20,01:17:22
1731,4024,0,[1 2 3 4],1287,4491,11,8.99,2014-05-02,06:31:43
1732,2301,0,[1 2 3 4],2533,55,38,111.23,2019-12-26,00:26:16
1733,3989,0,[1],1138,863,60,36.24,2019-12-26,00:26:16
1734,1222,0,[1],2605,1063,7,234.67,2019-12-26,00:26:16
1735,671,1,[1 2 3 4],1342,1620,215,25.53,2019-12-26,00:26:16
1736,4128,1,[1],1939,1019,6,26.44,2019-12-26,00:26:16
1737,2914,1,[1],1505,202,42,14.48,2019-12-26,00:26:16
1738,1797,2,[1 2 3 4],3751,106,161,30.21,2019-12-26,00:26:16
1739,2187,2,[1],2818,4530,69,209.2,2019-12-26,00:26:16
1740,805,2,[1],3535,4162,162,17.57,2019-12-26,00:26:16
