,Buyer_ID,Personal_Order_Number,Personal_Purchase_Number,Product_ID,Seller_ID,Quantity,Price,Fullfill_Date,Sell_Time
0,336,0,[ 1  2  3  4  5  6  7  8  9 10 11],1894,386,218,159.99,2003-12-13,13:53:08
1,470,0,[1 2 3],847,371,102,9.97,2003-12-13,13:53:08
2,222,1,[ 1  2  3  4  5  6  7  8  9 10 11],162,85,96,244.49,2003-12-13,13:53:08
3,452,1,[1 2 3],2273,0,71,253.37,2003-12-13,13:53:08
4,31,2,[1 2 3 4 5 6],1662,308,222,14.21,2006-04-10,03:57:56
5,301,2,[1 2 3 4 5 6 7],887,357,82,14.89,2006-04-10,03:57:56
6,232,2,[1 2 3 4 5 6 7 8 9],2818,476,199,202.78,2006-04-10,03:57:56
7,466,2,[1 2 3 4 5 6],1239,427,63,12.29,2006-04-10,03:57:56
8,35,3,[1 2 3 4 5 6],1865,268,170,7.5,2006-04-10,03:57:56
9,129,3,[1 2 3 4 5 6 7],1943,182,121,8.32,2006-04-10,03:57:56
10,199,3,[1 2 3 4 5 6 7 8 9],456,6,87,14.28,2006-04-10,03:57:56
11,424,3,[1 2 3 4 5 6],1514,115,199,12.34,2006-04-10,03:57:56
12,381,4,[1 2 3 4 5 6],3691,153,104,17.06,2006-04-10,03:57:56
13,488,4,[1 2 3 4 5 6 7],859,241,206,46.77,2006-04-10,03:57:56
14,313,4,[1 2 3 4 5 6 7 8 9],915,243,47,14.92,2006-04-10,03:57:56
15,484,4,[1 2 3 4 5 6],3598,178,172,12.29,2006-04-10,03:57:56
16,497,5,[1 2 3 4 5 6],994,132,202,18.11,2006-04-10,03:57:56
17,442,5,[1 2 3 4 5 6 7],2513,6,201,19.52,2006-04-10,03:57:56
18,95,5,[1 2 3 4 5 6 7 8 9],988,492,38,26.93,2006-04-10,03:57:56
19,402,5,[1 2 3 4 5 6],386,385,105,17.12,2006-04-10,03:57:56
20,195,6,[1 2 3],719,208,214,355.87,2002-09-28,01:20:22
21,45,6,[1 2 3 4 5 6 7 8 9],3670,45,163,147.68,2002-09-28,01:20:22
22,421,7,[1 2 3],1909,38,193,6.76,2002-09-28,01:20:22
23,185,7,[1 2 3 4 5 6 7 8 9],978,245,34,19.81,2002-09-28,01:20:22
24,223,8,[ 1  2  3  4  5  6  7  8  9 10],1907,255,113,13.35,2007-01-05,22:45:31
25,134,8,[1 2 3 4 5],2426,54,80,11.46,2007-01-05,22:45:31
26,392,8,[ 1  2  3  4  5  6  7  8  9 10 11 12],1341,476,59,24.55,2007-01-05,22:45:31
27,100,8,[1 2],1061,252,180,1144.87,2007-01-05,22:45:31
28,211,8,[1 2 3 4 5 6 7 8 9],877,226,183,11.87,2007-01-05,22:45:31
29,144,8,[1 2 3 4],3640,271,25,510.04,2007-01-05,22:45:31
30,247,9,[ 1  2  3  4  5  6  7  8  9 10],935,436,121,31.56,2007-01-05,22:45:31
31,75,9,[1 2 3 4 5],2495,339,31,13.06,2007-01-05,22:45:31
32,466,9,[ 1  2  3  4  5  6  7  8  9 10 11 12],134,89,200,180.04,2007-01-05,22:45:31
33,438,9,[1 2],2591,321,90,18.99,2007-01-05,22:45:31
34,244,9,[1 2 3 4 5 6 7 8 9],2958,80,87,144.17,2007-01-05,22:45:31
35,134,9,[1 2 3 4],1962,439,191,9.79,2007-01-05,22:45:31
36,232,10,[ 1  2  3  4  5  6  7  8  9 10],694,381,155,21.71,2007-01-05,22:45:31
37,207,10,[1 2 3 4 5],3151,102,20,14.69,2007-01-05,22:45:31
38,283,10,[ 1  2  3  4  5  6  7  8  9 10 11 12],2817,310,229,34.88,2007-01-05,22:45:31
39,82,10,[1 2],3774,449,113,16.63,2007-01-05,22:45:31
40,34,10,[1 2 3 4 5 6 7 8 9],1213,139,98,11.94,2007-01-05,22:45:31
41,494,10,[1 2 3 4],1656,218,86,9.44,2007-01-05,22:45:31
42,424,11,[ 1  2  3  4  5  6  7  8  9 10],3222,225,175,16.95,2007-01-05,22:45:31
43,317,11,[1 2 3 4 5],793,317,125,15.38,2007-01-05,22:45:31
44,237,11,[ 1  2  3  4  5  6  7  8  9 10 11 12],1928,156,133,45.85,2007-01-05,22:45:31
45,316,11,[1 2],1923,328,48,64.44,2007-01-05,22:45:31
46,77,11,[1 2 3 4 5 6 7 8 9],2047,204,171,11.68,2007-01-05,22:45:31
47,266,11,[1 2 3 4],2522,217,235,844.66,2007-01-05,22:45:31
48,473,12,[ 1  2  3  4  5  6  7  8  9 10],1030,168,238,46.1,2007-01-05,22:45:31
49,422,12,[1 2 3 4 5],2968,299,243,212.85,2007-01-05,22:45:31
50,424,12,[ 1  2  3  4  5  6  7  8  9 10 11 12],2944,349,191,13.95,2007-01-05,22:45:31
51,156,12,[1 2],2112,425,205,587.4,2007-01-05,22:45:31
52,178,12,[1 2 3 4 5 6 7 8 9],3574,105,68,209.03,2007-01-05,22:45:31
53,303,12,[1 2 3 4],2422,360,31,34.81,2007-01-05,22:45:31
54,264,13,[ 1  2  3  4  5  6  7  8  9 10],92,394,25,15.94,2007-01-05,22:45:31
55,56,13,[1 2 3 4 5],3068,264,150,32.41,2007-01-05,22:45:31
56,272,13,[ 1  2  3  4  5  6  7  8  9 10 11 12],368,244,171,14.37,2007-01-05,22:45:31
57,196,13,[1 2],3594,142,169,18.95,2007-01-05,22:45:31
58,114,13,[1 2 3 4 5 6 7 8 9],3813,252,4,48.07,2007-01-05,22:45:31
59,190,13,[1 2 3 4],656,275,90,16.54,2007-01-05,22:45:31
60,43,14,[1 2 3 4 5 6],3583,363,198,20.5,2022-03-24,10:06:18
61,207,14,[1 2 3 4 5],3510,249,159,12.11,2022-03-24,10:06:18
62,33,14,[1 2 3 4 5 6 7 8],3715,474,123,21.01,2022-03-24,10:06:18
63,98,14,[1 2 3 4 5 6 7 8],3625,452,116,329.17,2022-03-24,10:06:18
64,476,14,[ 1  2  3  4  5  6  7  8  9 10 11 12],1263,268,96,28.15,2022-03-24,10:06:18
65,327,14,[ 1  2  3  4  5  6  7  8  9 10],643,45,200,1415.14,2022-03-24,10:06:18
66,274,14,[1 2 3 4],1848,204,122,8.17,2022-03-24,10:06:18
67,233,14,[1],704,80,66,39.0,2022-03-24,10:06:18
68,447,15,[1 2 3 4 5 6],3793,183,215,76.88,2022-03-24,10:06:18
69,58,15,[1 2 3 4 5],225,144,196,7.24,2022-03-24,10:06:18
70,18,15,[1 2 3 4 5 6 7 8],2793,142,209,4.84,2022-03-24,10:06:18
71,290,15,[1 2 3 4 5 6 7 8],3539,155,185,9.76,2022-03-24,10:06:18
72,69,15,[ 1  2  3  4  5  6  7  8  9 10 11 12],1889,13,114,11.84,2022-03-24,10:06:18
73,275,15,[ 1  2  3  4  5  6  7  8  9 10],1864,234,186,8.03,2022-03-24,10:06:18
74,27,15,[1 2 3 4],3094,90,165,23.29,2022-03-24,10:06:18
75,332,15,[1],2778,127,171,11.64,2022-03-24,10:06:18
76,48,16,[1 2 3 4 5 6],795,452,46,1289.88,2022-03-24,10:06:18
77,282,16,[1 2 3 4 5],3086,140,24,47.06,2022-03-24,10:06:18
78,162,16,[1 2 3 4 5 6 7 8],3235,383,38,93.42,2022-03-24,10:06:18
79,229,16,[1 2 3 4 5 6 7 8],2035,349,36,49.44,2022-03-24,10:06:18
80,227,16,[ 1  2  3  4  5  6  7  8  9 10 11 12],3750,413,64,16.56,2022-03-24,10:06:18
81,290,16,[ 1  2  3  4  5  6  7  8  9 10],1907,494,36,13.74,2022-03-24,10:06:18
82,468,16,[1 2 3 4],2222,163,147,147.95,2022-03-24,10:06:18
83,196,16,[1],495,276,129,40.04,2022-03-24,10:06:18
84,204,17,[1 2 3 4 5 6],43,6,29,2244.24,2022-03-24,10:06:18
85,66,17,[1 2 3 4 5],1149,306,163,12.64,2022-03-24,10:06:18
86,263,17,[1 2 3 4 5 6 7 8],1694,29,208,23.54,2022-03-24,10:06:18
87,57,17,[1 2 3 4 5 6 7 8],165,15,10,12.8,2022-03-24,10:06:18
88,495,17,[ 1  2  3  4  5  6  7  8  9 10 11 12],3172,360,26,47.72,2022-03-24,10:06:18
89,46,17,[ 1  2  3  4  5  6  7  8  9 10],92,394,82,15.94,2022-03-24,10:06:18
90,322,17,[1 2 3 4],1785,249,71,10.58,2022-03-24,10:06:18
91,172,17,[1],2514,376,20,47.05,2022-03-24,10:06:18
92,388,18,[1 2 3 4 5 6],2181,494,54,544.44,2022-03-24,10:06:18
93,234,18,[1 2 3 4 5],3465,2,236,245.61,2022-03-24,10:06:18
94,241,18,[1 2 3 4 5 6 7 8],642,266,131,1280.71,2022-03-24,10:06:18
95,252,18,[1 2 3 4 5 6 7 8],2696,20,59,137.86,2022-03-24,10:06:18
96,256,18,[ 1  2  3  4  5  6  7  8  9 10 11 12],2554,16,227,28.63,2022-03-24,10:06:18
97,359,18,[ 1  2  3  4  5  6  7  8  9 10],3164,74,4,182.18,2022-03-24,10:06:18
98,351,18,[1 2 3 4],3084,179,153,24.89,2022-03-24,10:06:18
99,118,18,[1],1188,369,139,39.53,2022-03-24,10:06:18
100,185,19,[1 2 3 4 5 6],2929,187,2,68.83,2022-03-24,10:06:18
101,441,19,[1 2 3 4 5],1517,202,99,15.06,2022-03-24,10:06:18
102,317,19,[1 2 3 4 5 6 7 8],3654,282,13,47.52,2022-03-24,10:06:18
103,306,19,[1 2 3 4 5 6 7 8],1116,128,211,1114.27,2022-03-24,10:06:18
104,115,19,[ 1  2  3  4  5  6  7  8  9 10 11 12],2950,92,38,24.54,2022-03-24,10:06:18
105,477,19,[ 1  2  3  4  5  6  7  8  9 10],668,415,185,169.88,2022-03-24,10:06:18
106,187,19,[1 2 3 4],1361,219,92,73.24,2022-03-24,10:06:18
107,295,19,[1],3274,143,225,53.67,2022-03-24,10:06:18
108,193,20,[1 2 3 4 5 6],875,395,172,1740.67,2022-03-24,10:06:18
109,42,20,[1 2 3 4 5],2346,491,78,239.71,2022-03-24,10:06:18
110,425,20,[1 2 3 4 5 6 7 8],2195,395,25,601.63,2022-03-24,10:06:18
111,331,20,[1 2 3 4 5 6 7 8],866,2,25,1515.45,2022-03-24,10:06:18
112,363,20,[ 1  2  3  4  5  6  7  8  9 10 11 12],2307,234,141,830.13,2022-03-24,10:06:18
113,46,20,[ 1  2  3  4  5  6  7  8  9 10],626,53,12,10.27,2022-03-24,10:06:18
114,464,20,[1 2 3 4],1626,498,33,5.23,2022-03-24,10:06:18
115,258,20,[1],2367,372,78,1080.37,2022-03-24,10:06:18
116,104,21,[1 2 3 4 5 6],9,5,45,6.9,2022-03-24,10:06:18
117,42,21,[1 2 3 4 5],2562,131,166,22.6,2022-03-24,10:06:18
118,496,21,[1 2 3 4 5 6 7 8],1857,245,184,10.28,2022-03-24,10:06:18
119,416,21,[1 2 3 4 5 6 7 8],209,261,189,35.42,2022-03-24,10:06:18
120,471,21,[ 1  2  3  4  5  6  7  8  9 10 11 12],1718,230,110,16.98,2022-03-24,10:06:18
121,380,21,[ 1  2  3  4  5  6  7  8  9 10],3149,435,97,29.17,2022-03-24,10:06:18
122,447,21,[1 2 3 4],1570,477,163,39.36,2022-03-24,10:06:18
123,197,21,[1],1190,189,35,11.84,2022-03-24,10:06:18
124,290,22,[1 2 3],2974,46,138,71.26,2012-05-31,08:19:37
125,412,22,[1 2 3 4 5 6 7],3629,179,11,144.22,2012-05-31,08:19:37
126,487,22,[1 2 3],3598,178,23,12.29,2012-05-31,08:19:37
127,47,22,[1 2],1090,8,111,37.0,2012-05-31,08:19:37
128,161,23,[1 2 3],3397,443,66,155.45,2012-05-31,08:19:37
129,47,23,[1 2 3 4 5 6 7],2263,454,125,182.74,2012-05-31,08:19:37
130,301,23,[1 2 3],549,138,122,242.74,2012-05-31,08:19:37
131,478,23,[1 2],155,198,28,16.94,2012-05-31,08:19:37
132,313,24,[1 2 3],2212,449,40,454.35,2012-05-31,08:19:37
133,28,24,[1 2 3 4 5 6 7],3434,86,158,54.47,2012-05-31,08:19:37
134,237,24,[1 2 3],2837,435,82,17.28,2012-05-31,08:19:37
135,274,24,[1 2],532,179,88,12.74,2012-05-31,08:19:37
136,0,25,[1 2 3],398,50,60,24.36,2012-05-31,08:19:37
137,212,25,[1 2 3 4 5 6 7],2321,49,238,184.48,2012-05-31,08:19:37
138,478,25,[1 2 3],730,471,21,40.46,2012-05-31,08:19:37
139,276,25,[1 2],1760,310,193,27.48,2012-05-31,08:19:37
140,196,26,[ 1  2  3  4  5  6  7  8  9 10],2214,387,36,129.03,2011-01-09,13:01:53
141,244,26,[ 1  2  3  4  5  6  7  8  9 10 11 12],2408,132,192,1209.53,2011-01-09,13:01:53
142,42,26,[ 1  2  3  4  5  6  7  8  9 10 11],379,413,110,47.41,2011-01-09,13:01:53
143,197,26,[ 1  2  3  4  5  6  7  8  9 10],791,10,20,1549.0,2011-01-09,13:01:53
144,300,26,[1 2],3083,448,77,189.54,2011-01-09,13:01:53
145,303,26,[ 1  2  3  4  5  6  7  8  9 10 11 12],2854,137,133,18.1,2011-01-09,13:01:53
146,454,26,[1 2 3 4],687,120,245,19.26,2011-01-09,13:01:53
147,107,27,[ 1  2  3  4  5  6  7  8  9 10],1504,473,90,14.05,2011-01-09,13:01:53
148,443,27,[ 1  2  3  4  5  6  7  8  9 10 11 12],2609,495,133,23.24,2011-01-09,13:01:53
149,81,27,[ 1  2  3  4  5  6  7  8  9 10 11],845,339,178,21.82,2011-01-09,13:01:53
150,89,27,[ 1  2  3  4  5  6  7  8  9 10],3396,451,233,56.29,2011-01-09,13:01:53
151,6,27,[1 2],1451,361,199,6.1,2011-01-09,13:01:53
152,288,27,[ 1  2  3  4  5  6  7  8  9 10 11 12],2594,76,105,145.46,2011-01-09,13:01:53
153,139,27,[1 2 3 4],451,308,154,11.84,2011-01-09,13:01:53
154,111,28,[ 1  2  3  4  5  6  7  8  9 10],1756,156,114,14.94,2011-01-09,13:01:53
155,263,28,[ 1  2  3  4  5  6  7  8  9 10 11 12],3351,214,10,26.64,2011-01-09,13:01:53
156,306,28,[ 1  2  3  4  5  6  7  8  9 10 11],2188,290,212,57.71,2011-01-09,13:01:53
157,430,28,[ 1  2  3  4  5  6  7  8  9 10],1440,0,232,13.27,2011-01-09,13:01:53
158,93,28,[1 2],607,201,226,1302.47,2011-01-09,13:01:53
159,27,28,[ 1  2  3  4  5  6  7  8  9 10 11 12],742,487,168,13.91,2011-01-09,13:01:53
160,310,28,[1 2 3 4],1974,447,173,11.85,2011-01-09,13:01:53
161,416,29,[ 1  2  3  4  5  6  7  8  9 10],2043,25,100,41.84,2011-01-09,13:01:53
162,120,29,[ 1  2  3  4  5  6  7  8  9 10 11 12],1646,357,4,10.16,2011-01-09,13:01:53
163,163,29,[ 1  2  3  4  5  6  7  8  9 10 11],199,174,115,15.72,2011-01-09,13:01:53
164,425,29,[ 1  2  3  4  5  6  7  8  9 10],1172,335,37,6.27,2011-01-09,13:01:53
165,181,29,[1 2],2540,350,242,12.49,2011-01-09,13:01:53
166,427,29,[ 1  2  3  4  5  6  7  8  9 10 11 12],1699,308,177,17.47,2011-01-09,13:01:53
167,474,29,[1 2 3 4],2603,323,113,17.51,2011-01-09,13:01:53
168,207,30,[ 1  2  3  4  5  6  7  8  9 10],2349,412,214,315.72,2011-01-09,13:01:53
169,72,30,[ 1  2  3  4  5  6  7  8  9 10 11 12],3806,60,196,39.89,2011-01-09,13:01:53
170,258,30,[ 1  2  3  4  5  6  7  8  9 10 11],3793,499,101,62.73,2011-01-09,13:01:53
171,245,30,[ 1  2  3  4  5  6  7  8  9 10],1841,244,50,10.69,2011-01-09,13:01:53
172,342,30,[1 2],814,305,14,7.65,2011-01-09,13:01:53
173,104,30,[ 1  2  3  4  5  6  7  8  9 10 11 12],2055,18,201,30.63,2011-01-09,13:01:53
174,389,30,[1 2 3 4],701,152,184,43.98,2011-01-09,13:01:53
175,3,31,[ 1  2  3  4  5  6  7  8  9 10],1546,261,100,30.88,2011-01-09,13:01:53
176,416,31,[ 1  2  3  4  5  6  7  8  9 10 11 12],2499,84,177,15.63,2011-01-09,13:01:53
177,162,31,[ 1  2  3  4  5  6  7  8  9 10 11],1205,356,118,15.08,2011-01-09,13:01:53
178,95,31,[ 1  2  3  4  5  6  7  8  9 10],753,495,127,19.38,2011-01-09,13:01:53
179,451,31,[1 2],35,330,230,9.62,2011-01-09,13:01:53
180,447,31,[ 1  2  3  4  5  6  7  8  9 10 11 12],906,443,181,29.16,2011-01-09,13:01:53
181,399,31,[1 2 3 4],2031,436,63,10.91,2011-01-09,13:01:53
182,396,32,[ 1  2  3  4  5  6  7  8  9 10],566,270,49,18.37,2011-01-09,13:01:53
183,337,32,[ 1  2  3  4  5  6  7  8  9 10 11 12],3206,95,34,97.25,2011-01-09,13:01:53
184,138,32,[ 1  2  3  4  5  6  7  8  9 10 11],3386,443,115,10.51,2011-01-09,13:01:53
185,326,32,[ 1  2  3  4  5  6  7  8  9 10],25,487,126,7.97,2011-01-09,13:01:53
186,200,32,[1 2],1924,120,237,19.21,2011-01-09,13:01:53
187,142,32,[ 1  2  3  4  5  6  7  8  9 10 11 12],2882,126,89,76.18,2011-01-09,13:01:53
188,252,32,[1 2 3 4],1094,314,167,9.83,2011-01-09,13:01:53
189,311,33,[1 2 3 4],2386,213,66,77.5,2022-07-29,18:47:11
190,412,33,[1 2 3 4],2135,151,206,593.07,2022-07-29,18:47:11
191,235,33,[1 2],3572,323,206,47.73,2022-07-29,18:47:11
192,480,33,[1],3541,64,151,16.16,2022-07-29,18:47:11
193,292,33,[ 1  2  3  4  5  6  7  8  9 10 11 12],1059,3,136,13.96,2022-07-29,18:47:11
194,84,34,[1 2 3 4],2447,142,112,559.38,2022-07-29,18:47:11
195,279,34,[1 2 3 4],2348,21,44,370.02,2022-07-29,18:47:11
196,71,34,[1 2],2034,274,203,105.11,2022-07-29,18:47:11
197,297,34,[1],2282,465,159,609.73,2022-07-29,18:47:11
198,401,34,[ 1  2  3  4  5  6  7  8  9 10 11 12],147,281,53,3356.54,2022-07-29,18:47:11
199,366,35,[1 2 3 4],2130,176,167,884.01,2022-07-29,18:47:11
200,436,35,[1 2 3 4],127,132,110,17.18,2022-07-29,18:47:11
201,18,35,[1 2],2324,83,81,346.44,2022-07-29,18:47:11
202,18,35,[1],58,109,3,106.65,2022-07-29,18:47:11
203,489,35,[ 1  2  3  4  5  6  7  8  9 10 11 12],3800,228,43,37.51,2022-07-29,18:47:11
204,464,36,[1 2 3 4],2456,301,206,47.95,2022-07-29,18:47:11
205,168,36,[1 2 3 4],729,135,219,22.22,2022-07-29,18:47:11
206,158,36,[1 2],2075,411,53,22.37,2022-07-29,18:47:11
207,254,36,[1],647,263,93,46.04,2022-07-29,18:47:11
208,287,36,[ 1  2  3  4  5  6  7  8  9 10 11 12],1356,335,62,80.29,2022-07-29,18:47:11
209,206,37,[1 2 3 4],2512,163,122,22.37,2022-07-29,18:47:11
210,221,37,[1 2 3 4],3596,483,118,13.61,2022-07-29,18:47:11
211,385,37,[1 2],597,163,99,18.74,2022-07-29,18:47:11
212,495,37,[1],1138,292,87,37.3,2022-07-29,18:47:11
213,158,37,[ 1  2  3  4  5  6  7  8  9 10 11 12],3702,91,109,23.27,2022-07-29,18:47:11
214,315,38,[1 2 3 4 5],1045,337,209,123.64,2002-01-31,17:46:32
215,282,38,[1 2 3 4 5 6 7 8],1369,270,130,717.12,2002-01-31,17:46:32
216,424,38,[1 2 3 4 5 6 7 8],170,482,102,18.74,2002-01-31,17:46:32
217,334,38,[1 2 3],2020,114,176,16.55,2002-01-31,17:46:32
218,461,38,[1 2 3 4 5],2379,82,182,715.93,2002-01-31,17:46:32
219,493,39,[1 2 3 4 5],522,212,169,101.85,2002-01-31,17:46:32
220,118,39,[1 2 3 4 5 6 7 8],2973,99,114,15.26,2002-01-31,17:46:32
221,155,39,[1 2 3 4 5 6 7 8],1665,155,30,8.49,2002-01-31,17:46:32
222,261,39,[1 2 3],9,346,37,6.73,2002-01-31,17:46:32
223,153,39,[1 2 3 4 5],2249,111,34,43.19,2002-01-31,17:46:32
224,371,40,[1 2 3 4 5],791,431,236,1416.27,2002-01-31,17:46:32
225,178,40,[1 2 3 4 5 6 7 8],1296,335,115,11.35,2002-01-31,17:46:32
226,416,40,[1 2 3 4 5 6 7 8],2496,195,99,19.94,2002-01-31,17:46:32
227,409,40,[1 2 3],895,77,5,30.31,2002-01-31,17:46:32
228,298,40,[1 2 3 4 5],28,366,114,10.83,2002-01-31,17:46:32
229,457,41,[1 2 3 4 5],619,57,238,14.24,2002-01-31,17:46:32
230,467,41,[1 2 3 4 5 6 7 8],3805,168,64,8.6,2002-01-31,17:46:32
231,237,41,[1 2 3 4 5 6 7 8],3325,281,194,26.93,2002-01-31,17:46:32
232,82,41,[1 2 3],552,176,48,28.18,2002-01-31,17:46:32
233,261,41,[1 2 3 4 5],482,298,216,19.72,2002-01-31,17:46:32
234,278,42,[1 2 3 4 5],957,45,110,54.24,2002-01-31,17:46:32
235,345,42,[1 2 3 4 5 6 7 8],1188,369,105,39.53,2002-01-31,17:46:32
236,298,42,[1 2 3 4 5 6 7 8],3468,249,134,126.76,2002-01-31,17:46:32
237,431,42,[1 2 3],1462,170,35,32.22,2002-01-31,17:46:32
238,418,42,[1 2 3 4 5],3074,399,126,32.14,2002-01-31,17:46:32
239,194,43,[1 2 3 4 5],89,439,164,14.63,2001-01-16,13:58:01
240,200,43,[1],1329,468,193,22.83,2001-01-16,13:58:01
241,64,43,[1 2 3 4 5 6 7 8],588,471,212,289.8,2001-01-16,13:58:01
242,459,43,[1 2 3],1911,81,75,27.78,2001-01-16,13:58:01
243,1,43,[1 2],2849,63,182,12.39,2001-01-16,13:58:01
244,420,43,[ 1  2  3  4  5  6  7  8  9 10 11 12],3235,397,32,82.23,2001-01-16,13:58:01
245,348,43,[ 1  2  3  4  5  6  7  8  9 10 11 12],1283,478,134,762.28,2001-01-16,13:58:01
246,126,43,[ 1  2  3  4  5  6  7  8  9 10 11 12],1998,18,68,14.6,2001-01-16,13:58:01
247,84,44,[1 2 3 4 5],2479,115,222,27.3,2001-01-16,13:58:01
248,23,44,[1],1762,374,28,27.26,2001-01-16,13:58:01
249,82,44,[1 2 3 4 5 6 7 8],2441,419,202,15.12,2001-01-16,13:58:01
250,27,44,[1 2 3],2721,311,145,25.79,2001-01-16,13:58:01
251,237,44,[1 2],2746,25,72,9.67,2001-01-16,13:58:01
252,407,44,[ 1  2  3  4  5  6  7  8  9 10 11 12],929,229,132,27.34,2001-01-16,13:58:01
253,69,44,[ 1  2  3  4  5  6  7  8  9 10 11 12],2568,14,249,156.97,2001-01-16,13:58:01
254,349,44,[ 1  2  3  4  5  6  7  8  9 10 11 12],3536,470,128,43.11,2001-01-16,13:58:01
255,473,45,[1 2 3 4 5],1973,129,216,8.48,2001-01-16,13:58:01
256,2,45,[1],1945,127,108,6.58,2001-01-16,13:58:01
257,152,45,[1 2 3 4 5 6 7 8],668,34,168,169.79,2001-01-16,13:58:01
258,340,45,[1 2 3],978,264,248,17.92,2001-01-16,13:58:01
259,6,45,[1 2],1757,455,26,31.36,2001-01-16,13:58:01
260,144,45,[ 1  2  3  4  5  6  7  8  9 10 11 12],3096,244,19,18.7,2001-01-16,13:58:01
261,89,45,[ 1  2  3  4  5  6  7  8  9 10 11 12],1832,230,194,18.54,2001-01-16,13:58:01
262,240,45,[ 1  2  3  4  5  6  7  8  9 10 11 12],2968,10,137,202.08,2001-01-16,13:58:01
263,452,46,[1 2 3 4 5],2404,53,129,200.21,2001-01-16,13:58:01
264,212,46,[1],1659,323,115,31.09,2001-01-16,13:58:01
265,445,46,[1 2 3 4 5 6 7 8],169,89,136,177.03,2001-01-16,13:58:01
266,329,46,[1 2 3],715,67,235,75.26,2001-01-16,13:58:01
267,417,46,[1 2],1362,447,108,17.56,2001-01-16,13:58:01
268,189,46,[ 1  2  3  4  5  6  7  8  9 10 11 12],1993,37,170,13.36,2001-01-16,13:58:01
269,161,46,[ 1  2  3  4  5  6  7  8  9 10 11 12],3214,404,194,159.8,2001-01-16,13:58:01
270,469,46,[ 1  2  3  4  5  6  7  8  9 10 11 12],2578,38,65,20.92,2001-01-16,13:58:01
271,482,47,[1 2 3 4 5],2033,412,174,20.16,2001-01-16,13:58:01
272,115,47,[1],2449,226,244,28.02,2001-01-16,13:58:01
273,227,47,[1 2 3 4 5 6 7 8],386,0,41,16.87,2001-01-16,13:58:01
274,339,47,[1 2 3],2691,306,170,13.39,2001-01-16,13:58:01
275,383,47,[1 2],2577,203,22,25.0,2001-01-16,13:58:01
276,130,47,[ 1  2  3  4  5  6  7  8  9 10 11 12],1073,399,106,36.95,2001-01-16,13:58:01
277,99,47,[ 1  2  3  4  5  6  7  8  9 10 11 12],688,145,187,8.76,2001-01-16,13:58:01
278,496,47,[ 1  2  3  4  5  6  7  8  9 10 11 12],3673,249,146,39.39,2001-01-16,13:58:01
279,228,48,[1 2 3 4 5],465,126,119,15.57,2001-01-16,13:58:01
280,437,48,[1],2272,266,181,410.59,2001-01-16,13:58:01
281,379,48,[1 2 3 4 5 6 7 8],3331,238,61,1054.11,2001-01-16,13:58:01
282,263,48,[1 2 3],3090,87,181,41.83,2001-01-16,13:58:01
283,61,48,[1 2],2398,426,113,132.5,2001-01-16,13:58:01
284,253,48,[ 1  2  3  4  5  6  7  8  9 10 11 12],2973,287,86,15.79,2001-01-16,13:58:01
285,2,48,[ 1  2  3  4  5  6  7  8  9 10 11 12],3159,471,13,10.68,2001-01-16,13:58:01
286,352,48,[ 1  2  3  4  5  6  7  8  9 10 11 12],3677,68,152,18.59,2001-01-16,13:58:01
287,181,49,[1 2 3 4 5],1393,175,8,32.81,2001-01-16,13:58:01
288,304,49,[1],1993,79,115,15.16,2001-01-16,13:58:01
289,121,49,[1 2 3 4 5 6 7 8],1615,480,21,241.09,2001-01-16,13:58:01
290,191,49,[1 2 3],1361,459,215,66.32,2001-01-16,13:58:01
291,438,49,[1 2],1246,404,212,11.08,2001-01-16,13:58:01
292,186,49,[ 1  2  3  4  5  6  7  8  9 10 11 12],2606,193,66,15.77,2001-01-16,13:58:01
293,28,49,[ 1  2  3  4  5  6  7  8  9 10 11 12],134,87,10,182.64,2001-01-16,13:58:01
294,466,49,[ 1  2  3  4  5  6  7  8  9 10 11 12],3148,149,214,18.62,2001-01-16,13:58:01
295,100,50,[1 2 3 4 5],3064,276,55,120.59,2001-01-16,13:58:01
296,488,50,[1],1523,198,158,19.42,2001-01-16,13:58:01
297,102,50,[1 2 3 4 5 6 7 8],1194,103,212,1412.73,2001-01-16,13:58:01
298,108,50,[1 2 3],622,139,53,31.26,2001-01-16,13:58:01
299,198,50,[1 2],3306,486,63,24.16,2001-01-16,13:58:01
300,123,50,[ 1  2  3  4  5  6  7  8  9 10 11 12],2198,23,5,734.5,2001-01-16,13:58:01
301,89,50,[ 1  2  3  4  5  6  7  8  9 10 11 12],457,63,168,10.89,2001-01-16,13:58:01
302,218,50,[ 1  2  3  4  5  6  7  8  9 10 11 12],1954,301,77,22.46,2001-01-16,13:58:01
303,354,51,[1 2 3 4 5 6],1378,74,78,4.07,2020-07-02,16:26:47
304,30,51,[ 1  2  3  4  5  6  7  8  9 10],2342,410,24,165.89,2020-07-02,16:26:47
305,469,51,[1 2 3 4 5 6 7],995,357,70,40.8,2020-07-02,16:26:47
306,471,51,[1 2 3 4 5 6],892,460,231,11.26,2020-07-02,16:26:47
307,126,51,[ 1  2  3  4  5  6  7  8  9 10],1815,488,225,16.72,2020-07-02,16:26:47
308,88,51,[1],2505,204,134,11.2,2020-07-02,16:26:47
309,138,51,[1 2 3 4],3636,262,54,13.5,2020-07-02,16:26:47
310,271,51,[ 1  2  3  4  5  6  7  8  9 10],2092,199,212,175.2,2020-07-02,16:26:47
311,201,52,[1 2 3 4 5 6],1273,333,75,77.64,2020-07-02,16:26:47
312,209,52,[ 1  2  3  4  5  6  7  8  9 10],1372,236,34,205.1,2020-07-02,16:26:47
313,276,52,[1 2 3 4 5 6 7],817,261,240,26.99,2020-07-02,16:26:47
314,267,52,[1 2 3 4 5 6],2002,214,111,15.02,2020-07-02,16:26:47
315,49,52,[ 1  2  3  4  5  6  7  8  9 10],1434,221,215,9.57,2020-07-02,16:26:47
316,392,52,[1],992,445,175,16.19,2020-07-02,16:26:47
317,456,52,[1 2 3 4],1410,437,222,9.9,2020-07-02,16:26:47
318,413,52,[ 1  2  3  4  5  6  7  8  9 10],3110,498,30,129.16,2020-07-02,16:26:47
319,133,53,[1 2 3 4 5 6],3153,260,218,49.6,2020-07-02,16:26:47
320,251,53,[ 1  2  3  4  5  6  7  8  9 10],1813,436,164,37.73,2020-07-02,16:26:47
321,0,53,[1 2 3 4 5 6 7],2604,255,250,993.16,2020-07-02,16:26:47
322,488,53,[1 2 3 4 5 6],2379,425,149,620.63,2020-07-02,16:26:47
323,348,53,[ 1  2  3  4  5  6  7  8  9 10],1182,43,219,104.08,2020-07-02,16:26:47
324,499,53,[1],3451,97,241,19.45,2020-07-02,16:26:47
325,349,53,[1 2 3 4],2697,208,103,8.23,2020-07-02,16:26:47
326,424,53,[ 1  2  3  4  5  6  7  8  9 10],3203,455,193,17.07,2020-07-02,16:26:47
327,209,54,[1 2 3 4 5 6],775,136,236,23.93,2020-07-02,16:26:47
328,270,54,[ 1  2  3  4  5  6  7  8  9 10],1641,298,86,5.75,2020-07-02,16:26:47
329,94,54,[1 2 3 4 5 6 7],499,292,116,6.77,2020-07-02,16:26:47
330,222,54,[1 2 3 4 5 6],417,299,135,17.44,2020-07-02,16:26:47
331,245,54,[ 1  2  3  4  5  6  7  8  9 10],3402,231,250,8.59,2020-07-02,16:26:47
332,57,54,[1],309,353,54,10.06,2020-07-02,16:26:47
333,259,54,[1 2 3 4],853,181,242,241.97,2020-07-02,16:26:47
334,130,54,[ 1  2  3  4  5  6  7  8  9 10],971,283,240,39.37,2020-07-02,16:26:47
335,334,55,[1 2 3 4 5 6],1737,440,107,32.81,2020-07-02,16:26:47
336,413,55,[ 1  2  3  4  5  6  7  8  9 10],1139,266,226,17.95,2020-07-02,16:26:47
337,181,55,[1 2 3 4 5 6 7],2786,53,9,9.19,2020-07-02,16:26:47
338,343,55,[1 2 3 4 5 6],2892,256,90,30.26,2020-07-02,16:26:47
339,202,55,[ 1  2  3  4  5  6  7  8  9 10],2959,390,212,140.69,2020-07-02,16:26:47
340,72,55,[1],464,114,10,9.35,2020-07-02,16:26:47
341,109,55,[1 2 3 4],434,184,133,13.59,2020-07-02,16:26:47
342,355,55,[ 1  2  3  4  5  6  7  8  9 10],2246,370,111,555.93,2020-07-02,16:26:47
343,54,56,[1 2 3 4 5 6],499,323,76,4.3,2020-07-02,16:26:47
344,485,56,[ 1  2  3  4  5  6  7  8  9 10],1441,303,110,13.36,2020-07-02,16:26:47
345,267,56,[1 2 3 4 5 6 7],2869,499,86,53.31,2020-07-02,16:26:47
346,377,56,[1 2 3 4 5 6],1010,276,165,32.9,2020-07-02,16:26:47
347,90,56,[ 1  2  3  4  5  6  7  8  9 10],1678,134,123,10.63,2020-07-02,16:26:47
348,469,56,[1],2689,426,107,39.22,2020-07-02,16:26:47
349,254,56,[1 2 3 4],1190,493,5,15.84,2020-07-02,16:26:47
350,468,56,[ 1  2  3  4  5  6  7  8  9 10],3270,471,176,149.71,2020-07-02,16:26:47
351,413,57,[1 2 3 4 5 6],3702,287,97,28.06,2020-07-02,16:26:47
352,244,57,[ 1  2  3  4  5  6  7  8  9 10],2483,15,149,9.72,2020-07-02,16:26:47
353,301,57,[1 2 3 4 5 6 7],2537,77,225,54.58,2020-07-02,16:26:47
354,255,57,[1 2 3 4 5 6],812,155,165,82.97,2020-07-02,16:26:47
355,460,57,[ 1  2  3  4  5  6  7  8  9 10],958,25,7,25.02,2020-07-02,16:26:47
356,52,57,[1],104,426,100,14.12,2020-07-02,16:26:47
357,246,57,[1 2 3 4],2302,435,192,67.72,2020-07-02,16:26:47
358,445,57,[ 1  2  3  4  5  6  7  8  9 10],398,463,237,21.74,2020-07-02,16:26:47
359,88,58,[1 2 3 4 5 6],764,304,24,64.69,2020-07-02,16:26:47
360,319,58,[ 1  2  3  4  5  6  7  8  9 10],3085,252,155,258.77,2020-07-02,16:26:47
361,296,58,[1 2 3 4 5 6 7],1700,134,229,46.21,2020-07-02,16:26:47
362,134,58,[1 2 3 4 5 6],3013,162,234,99.64,2020-07-02,16:26:47
363,395,58,[ 1  2  3  4  5  6  7  8  9 10],321,206,119,1732.47,2020-07-02,16:26:47
364,368,58,[1],2102,8,180,57.26,2020-07-02,16:26:47
365,305,58,[1 2 3 4],683,22,14,61.87,2020-07-02,16:26:47
366,84,58,[ 1  2  3  4  5  6  7  8  9 10],1982,418,250,11.42,2020-07-02,16:26:47
367,378,59,[1 2 3 4 5 6],3652,209,163,643.09,2004-03-26,07:43:45
368,234,59,[1 2],411,366,244,18.14,2004-03-26,07:43:45
369,336,59,[1],459,220,151,1552.73,2004-03-26,07:43:45
370,307,59,[1 2 3 4 5 6 7 8],618,482,146,19.23,2004-03-26,07:43:45
371,418,60,[1 2 3 4 5 6],2818,476,174,202.78,2004-03-26,07:43:45
372,460,60,[1 2],2356,368,117,132.93,2004-03-26,07:43:45
373,16,60,[1],1570,126,56,33.51,2004-03-26,07:43:45
374,331,60,[1 2 3 4 5 6 7 8],1512,455,140,519.78,2004-03-26,07:43:45
375,130,61,[1 2 3 4 5 6],2298,373,106,17.95,2004-03-26,07:43:45
376,60,61,[1 2],2528,117,247,32.08,2004-03-26,07:43:45
377,463,61,[1],3054,475,95,10.31,2004-03-26,07:43:45
378,78,61,[1 2 3 4 5 6 7 8],318,263,162,10.96,2004-03-26,07:43:45
379,155,62,[1 2 3 4 5 6],1981,324,119,16.78,2004-03-26,07:43:45
380,135,62,[1 2],2777,147,230,116.15,2004-03-26,07:43:45
381,334,62,[1],2953,86,15,68.87,2004-03-26,07:43:45
382,426,62,[1 2 3 4 5 6 7 8],2263,110,90,205.78,2004-03-26,07:43:45
383,357,63,[1 2 3],1632,9,123,16.71,2017-11-29,19:49:13
384,194,63,[ 1  2  3  4  5  6  7  8  9 10 11],669,187,84,340.26,2017-11-29,19:49:13
385,485,63,[ 1  2  3  4  5  6  7  8  9 10 11],3431,228,191,119.81,2017-11-29,19:49:13
386,60,63,[1 2 3 4],2084,200,54,13.21,2017-11-29,19:49:13
387,199,64,[1 2 3],3770,324,126,8.72,2017-11-29,19:49:13
388,179,64,[ 1  2  3  4  5  6  7  8  9 10 11],2443,499,38,61.72,2017-11-29,19:49:13
389,179,64,[ 1  2  3  4  5  6  7  8  9 10 11],2346,56,185,237.38,2017-11-29,19:49:13
390,488,64,[1 2 3 4],3586,463,152,17.94,2017-11-29,19:49:13
391,239,65,[1 2 3],2912,73,193,98.79,2017-11-29,19:49:13
392,77,65,[ 1  2  3  4  5  6  7  8  9 10 11],3032,332,55,30.44,2017-11-29,19:49:13
393,135,65,[ 1  2  3  4  5  6  7  8  9 10 11],2508,361,55,123.03,2017-11-29,19:49:13
394,285,65,[1 2 3 4],2352,171,64,276.43,2017-11-29,19:49:13
395,126,66,[1 2 3],301,308,152,22.08,2017-11-29,19:49:13
396,150,66,[ 1  2  3  4  5  6  7  8  9 10 11],2886,55,21,6.2,2017-11-29,19:49:13
397,200,66,[ 1  2  3  4  5  6  7  8  9 10 11],3674,406,177,24.27,2017-11-29,19:49:13
398,395,66,[1 2 3 4],696,55,61,15.74,2017-11-29,19:49:13
399,150,67,[1 2 3 4 5 6 7],2170,76,233,269.73,2001-09-25,13:16:21
400,50,67,[1 2 3 4 5],1869,100,204,25.21,2001-09-25,13:16:21
401,34,67,[1 2],2046,99,83,8.55,2001-09-25,13:16:21
402,172,67,[1 2],3386,106,163,11.32,2001-09-25,13:16:21
403,233,67,[1 2 3 4 5 6 7 8],647,213,169,55.34,2001-09-25,13:16:21
404,219,67,[1 2 3 4 5 6],2558,209,164,32.91,2001-09-25,13:16:21
405,62,67,[1 2 3 4 5],1459,334,250,6.06,2001-09-25,13:16:21
406,259,68,[1 2 3 4 5 6 7],329,465,89,17.73,2001-09-25,13:16:21
407,462,68,[1 2 3 4 5],1010,347,228,31.54,2001-09-25,13:16:21
408,499,68,[1 2],2300,218,213,65.31,2001-09-25,13:16:21
409,12,68,[1 2],2871,92,187,13.65,2001-09-25,13:16:21
410,179,68,[1 2 3 4 5 6 7 8],1422,206,84,6.73,2001-09-25,13:16:21
411,280,68,[1 2 3 4 5 6],2683,427,15,13.1,2001-09-25,13:16:21
412,256,68,[1 2 3 4 5],1219,72,4,785.79,2001-09-25,13:16:21
413,154,69,[1 2 3 4 5 6 7],2093,401,119,90.8,2001-09-25,13:16:21
414,197,69,[1 2 3 4 5],1120,109,146,25.05,2001-09-25,13:16:21
415,168,69,[1 2],1469,110,112,82.0,2001-09-25,13:16:21
416,420,69,[1 2],1927,160,188,135.86,2001-09-25,13:16:21
417,57,69,[1 2 3 4 5 6 7 8],3372,157,73,10.33,2001-09-25,13:16:21
418,163,69,[1 2 3 4 5 6],3418,38,241,120.18,2001-09-25,13:16:21
419,259,69,[1 2 3 4 5],3244,209,151,58.38,2001-09-25,13:16:21
420,60,70,[1 2 3 4 5 6 7],3790,434,143,38.39,2001-09-25,13:16:21
421,479,70,[1 2 3 4 5],3769,165,235,343.77,2001-09-25,13:16:21
422,459,70,[1 2],279,228,140,9.79,2001-09-25,13:16:21
423,44,70,[1 2],2001,462,58,17.67,2001-09-25,13:16:21
424,84,70,[1 2 3 4 5 6 7 8],1676,360,122,8.57,2001-09-25,13:16:21
425,170,70,[1 2 3 4 5 6],3812,288,92,114.77,2001-09-25,13:16:21
426,398,70,[1 2 3 4 5],1293,250,121,26.09,2001-09-25,13:16:21
427,7,71,[1 2 3 4 5 6 7],655,185,25,12.94,2001-09-25,13:16:21
428,245,71,[1 2 3 4 5],2446,93,72,10.6,2001-09-25,13:16:21
429,367,71,[1 2],2001,307,1,15.24,2001-09-25,13:16:21
430,328,71,[1 2],1276,207,16,15.01,2001-09-25,13:16:21
431,316,71,[1 2 3 4 5 6 7 8],746,282,36,87.59,2001-09-25,13:16:21
432,411,71,[1 2 3 4 5 6],1990,254,33,20.27,2001-09-25,13:16:21
433,140,71,[1 2 3 4 5],1439,207,43,14.37,2001-09-25,13:16:21
434,403,72,[1 2 3 4 5 6 7],3621,467,15,19.56,2001-09-25,13:16:21
435,27,72,[1 2 3 4 5],3801,51,145,411.5,2001-09-25,13:16:21
436,451,72,[1 2],873,429,211,110.68,2001-09-25,13:16:21
437,293,72,[1 2],1532,112,109,33.44,2001-09-25,13:16:21
438,480,72,[1 2 3 4 5 6 7 8],2092,341,98,156.54,2001-09-25,13:16:21
439,363,72,[1 2 3 4 5 6],3586,294,71,18.0,2001-09-25,13:16:21
440,295,72,[1 2 3 4 5],1211,149,154,14.42,2001-09-25,13:16:21
441,460,73,[1 2 3 4 5 6 7],622,490,165,35.46,2001-09-25,13:16:21
442,41,73,[1 2 3 4 5],87,251,164,1920.17,2001-09-25,13:16:21
443,156,73,[1 2],98,204,3,15.63,2001-09-25,13:16:21
444,487,73,[1 2],665,441,214,30.59,2001-09-25,13:16:21
445,412,73,[1 2 3 4 5 6 7 8],2230,380,217,696.13,2001-09-25,13:16:21
446,186,73,[1 2 3 4 5 6],2352,496,153,289.62,2001-09-25,13:16:21
447,228,73,[1 2 3 4 5],2011,305,239,8.16,2001-09-25,13:16:21
448,140,74,[1 2 3 4 5 6 7 8],2608,468,42,27.74,2004-01-02,20:19:20
449,144,74,[ 1  2  3  4  5  6  7  8  9 10 11 12],1287,119,104,11.06,2004-01-02,20:19:20
450,410,74,[1 2 3 4 5 6 7 8 9],2214,127,164,135.41,2004-01-02,20:19:20
451,220,74,[1 2 3 4 5 6 7 8 9],3800,259,34,36.76,2004-01-02,20:19:20
452,320,74,[1 2],1412,165,240,117.83,2004-01-02,20:19:20
453,143,74,[1 2 3 4 5 6],3137,25,236,22.65,2004-01-02,20:19:20
454,126,74,[1 2 3 4 5 6 7 8 9],2479,265,36,29.24,2004-01-02,20:19:20
455,491,75,[1 2 3 4 5 6 7 8],1486,426,190,107.62,2004-01-02,20:19:20
456,90,75,[ 1  2  3  4  5  6  7  8  9 10 11 12],1910,418,145,13.16,2004-01-02,20:19:20
457,9,75,[1 2 3 4 5 6 7 8 9],36,263,119,22.97,2004-01-02,20:19:20
458,285,75,[1 2 3 4 5 6 7 8 9],1353,185,51,9.97,2004-01-02,20:19:20
459,406,75,[1 2],1897,35,23,9.14,2004-01-02,20:19:20
460,392,75,[1 2 3 4 5 6],3710,355,40,20.93,2004-01-02,20:19:20
461,465,75,[1 2 3 4 5 6 7 8 9],1720,292,61,28.01,2004-01-02,20:19:20
462,90,76,[1 2 3 4 5 6 7 8],2571,124,42,3.48,2004-01-02,20:19:20
463,345,76,[ 1  2  3  4  5  6  7  8  9 10 11 12],1699,213,169,19.67,2004-01-02,20:19:20
464,284,76,[1 2 3 4 5 6 7 8 9],2436,459,96,902.93,2004-01-02,20:19:20
465,122,76,[1 2 3 4 5 6 7 8 9],2835,31,185,151.34,2004-01-02,20:19:20
466,140,76,[1 2],93,346,98,7.86,2004-01-02,20:19:20
467,422,76,[1 2 3 4 5 6],1041,222,20,17.08,2004-01-02,20:19:20
468,470,76,[1 2 3 4 5 6 7 8 9],943,405,157,102.35,2004-01-02,20:19:20
469,240,77,[1 2 3 4 5 6 7 8],3468,6,161,144.21,2004-01-02,20:19:20
470,291,77,[ 1  2  3  4  5  6  7  8  9 10 11 12],617,374,233,22.97,2004-01-02,20:19:20
471,304,77,[1 2 3 4 5 6 7 8 9],609,305,27,55.06,2004-01-02,20:19:20
472,291,77,[1 2 3 4 5 6 7 8 9],972,257,49,38.33,2004-01-02,20:19:20
473,429,77,[1 2],2982,427,213,44.3,2004-01-02,20:19:20
474,56,77,[1 2 3 4 5 6],2190,128,138,1163.49,2004-01-02,20:19:20
475,162,77,[1 2 3 4 5 6 7 8 9],2835,340,68,138.87,2004-01-02,20:19:20
476,61,78,[1 2 3 4 5 6 7 8],2781,228,89,8.39,2004-01-02,20:19:20
477,445,78,[ 1  2  3  4  5  6  7  8  9 10 11 12],361,8,108,50.84,2004-01-02,20:19:20
478,183,78,[1 2 3 4 5 6 7 8 9],2883,26,10,44.76,2004-01-02,20:19:20
479,206,78,[1 2 3 4 5 6 7 8 9],2562,202,163,17.21,2004-01-02,20:19:20
480,84,78,[1 2],2331,220,158,111.23,2004-01-02,20:19:20
481,237,78,[1 2 3 4 5 6],2265,175,69,1345.56,2004-01-02,20:19:20
482,200,78,[1 2 3 4 5 6 7 8 9],2085,296,56,22.72,2004-01-02,20:19:20
483,184,79,[1 2 3 4 5 6 7 8],31,159,135,65.79,2004-01-02,20:19:20
484,188,79,[ 1  2  3  4  5  6  7  8  9 10 11 12],599,374,6,11.36,2004-01-02,20:19:20
485,270,79,[1 2 3 4 5 6 7 8 9],3431,230,233,119.76,2004-01-02,20:19:20
486,120,79,[1 2 3 4 5 6 7 8 9],389,353,58,2359.02,2004-01-02,20:19:20
487,251,79,[1 2],2785,41,81,550.1,2004-01-02,20:19:20
488,0,79,[1 2 3 4 5 6],736,363,183,857.09,2004-01-02,20:19:20
489,32,79,[1 2 3 4 5 6 7 8 9],3034,283,205,9.68,2004-01-02,20:19:20
490,233,80,[1 2 3 4 5 6 7 8],1775,456,178,22.23,2004-01-02,20:19:20
491,253,80,[ 1  2  3  4  5  6  7  8  9 10 11 12],3362,46,130,46.67,2004-01-02,20:19:20
492,477,80,[1 2 3 4 5 6 7 8 9],1230,254,190,9.09,2004-01-02,20:19:20
493,287,80,[1 2 3 4 5 6 7 8 9],1279,199,33,32.44,2004-01-02,20:19:20
494,176,80,[1 2],2080,234,10,46.25,2004-01-02,20:19:20
495,401,80,[1 2 3 4 5 6],2134,489,69,104.13,2004-01-02,20:19:20
496,136,80,[1 2 3 4 5 6 7 8 9],2929,191,9,67.88,2004-01-02,20:19:20
497,15,81,[1 2 3 4 5 6 7 8 9],1091,410,184,104.36,2017-07-25,13:45:26
498,476,81,[ 1  2  3  4  5  6  7  8  9 10 11 12],618,119,38,24.19,2017-07-25,13:45:26
499,408,82,[1 2 3 4 5 6 7 8 9],926,401,18,28.41,2017-07-25,13:45:26
500,446,82,[ 1  2  3  4  5  6  7  8  9 10 11 12],2443,328,214,70.73,2017-07-25,13:45:26
501,165,83,[ 1  2  3  4  5  6  7  8  9 10 11],317,478,9,4.6,2001-02-23,15:55:56
502,353,83,[1 2 3],3036,173,189,208.09,2001-02-23,15:55:56
503,461,84,[ 1  2  3  4  5  6  7  8  9 10 11],2035,349,138,49.44,2001-02-23,15:55:56
504,2,84,[1 2 3],1571,411,54,37.79,2001-02-23,15:55:56
505,102,85,[1],3570,137,124,495.17,2015-07-04,11:51:34
506,246,85,[ 1  2  3  4  5  6  7  8  9 10 11 12],749,474,224,50.58,2015-07-04,11:51:34
507,40,86,[1],3379,136,93,10.92,2015-07-04,11:51:34
508,178,86,[ 1  2  3  4  5  6  7  8  9 10 11 12],3271,324,168,5.81,2015-07-04,11:51:34
509,0,87,[1 2],435,241,138,25.32,2002-09-21,09:52:17
510,443,87,[1 2 3 4 5],2703,444,107,16.53,2002-09-21,09:52:17
511,428,87,[1 2 3 4 5 6 7 8],2760,183,31,474.3,2002-09-21,09:52:17
512,375,87,[ 1  2  3  4  5  6  7  8  9 10],951,408,139,33.61,2002-09-21,09:52:17
513,452,87,[1 2],2748,436,85,63.65,2002-09-21,09:52:17
514,26,87,[ 1  2  3  4  5  6  7  8  9 10 11 12],3790,358,169,33.9,2002-09-21,09:52:17
515,9,87,[1 2 3 4 5],930,199,157,64.73,2002-09-21,09:52:17
516,217,88,[1 2],2715,251,107,12.99,2002-09-21,09:52:17
517,33,88,[1 2 3 4 5],2128,30,17,577.29,2002-09-21,09:52:17
518,103,88,[1 2 3 4 5 6 7 8],761,438,151,14.38,2002-09-21,09:52:17
519,275,88,[ 1  2  3  4  5  6  7  8  9 10],298,243,224,7.77,2002-09-21,09:52:17
520,441,88,[1 2],3039,175,127,50.46,2002-09-21,09:52:17
521,95,88,[ 1  2  3  4  5  6  7  8  9 10 11 12],1804,16,201,12.17,2002-09-21,09:52:17
522,77,88,[1 2 3 4 5],3625,497,40,357.91,2002-09-21,09:52:17
523,170,89,[1 2],348,432,177,904.82,2002-09-21,09:52:17
524,39,89,[1 2 3 4 5],2359,122,49,697.86,2002-09-21,09:52:17
525,493,89,[1 2 3 4 5 6 7 8],2967,291,89,21.73,2002-09-21,09:52:17
526,92,89,[ 1  2  3  4  5  6  7  8  9 10],3316,223,87,12.76,2002-09-21,09:52:17
527,319,89,[1 2],2767,350,60,28.83,2002-09-21,09:52:17
528,176,89,[ 1  2  3  4  5  6  7  8  9 10 11 12],3485,265,50,26.65,2002-09-21,09:52:17
529,149,89,[1 2 3 4 5],2805,70,206,90.7,2002-09-21,09:52:17
530,482,90,[1 2],2932,351,85,349.09,2002-09-21,09:52:17
531,334,90,[1 2 3 4 5],3113,161,45,65.9,2002-09-21,09:52:17
532,60,90,[1 2 3 4 5 6 7 8],2587,93,124,63.31,2002-09-21,09:52:17
533,312,90,[ 1  2  3  4  5  6  7  8  9 10],637,212,230,40.42,2002-09-21,09:52:17
534,90,90,[1 2],1817,247,16,158.76,2002-09-21,09:52:17
535,103,90,[ 1  2  3  4  5  6  7  8  9 10 11 12],2474,412,42,235.99,2002-09-21,09:52:17
536,259,90,[1 2 3 4 5],637,10,122,41.67,2002-09-21,09:52:17
537,454,91,[1 2],76,379,141,10.21,2002-09-21,09:52:17
538,122,91,[1 2 3 4 5],3660,227,1,91.4,2002-09-21,09:52:17
539,454,91,[1 2 3 4 5 6 7 8],2275,374,51,994.78,2002-09-21,09:52:17
540,22,91,[ 1  2  3  4  5  6  7  8  9 10],1919,107,239,12.08,2002-09-21,09:52:17
541,135,91,[1 2],2804,334,240,82.42,2002-09-21,09:52:17
542,472,91,[ 1  2  3  4  5  6  7  8  9 10 11 12],1014,435,26,19.5,2002-09-21,09:52:17
543,143,91,[1 2 3 4 5],206,176,20,8.24,2002-09-21,09:52:17
544,113,92,[1 2],761,92,170,15.83,2002-09-21,09:52:17
545,12,92,[1 2 3 4 5],2555,441,14,20.76,2002-09-21,09:52:17
546,398,92,[1 2 3 4 5 6 7 8],158,59,213,10.47,2002-09-21,09:52:17
547,21,92,[ 1  2  3  4  5  6  7  8  9 10],123,235,157,13.44,2002-09-21,09:52:17
548,120,92,[1 2],1957,473,18,52.11,2002-09-21,09:52:17
549,67,92,[ 1  2  3  4  5  6  7  8  9 10 11 12],1766,456,98,14.61,2002-09-21,09:52:17
550,110,92,[1 2 3 4 5],2480,71,124,35.13,2002-09-21,09:52:17
551,403,93,[1 2],194,429,60,61.55,2002-09-21,09:52:17
552,2,93,[1 2 3 4 5],783,77,182,143.64,2002-09-21,09:52:17
553,260,93,[1 2 3 4 5 6 7 8],1557,333,24,10.41,2002-09-21,09:52:17
554,188,93,[ 1  2  3  4  5  6  7  8  9 10],190,397,202,15.73,2002-09-21,09:52:17
555,22,93,[1 2],2926,491,204,61.11,2002-09-21,09:52:17
556,299,93,[ 1  2  3  4  5  6  7  8  9 10 11 12],2182,131,246,253.21,2002-09-21,09:52:17
557,137,93,[1 2 3 4 5],3206,187,138,93.5,2002-09-21,09:52:17
558,229,94,[1],2131,149,124,352.15,2009-01-17,10:13:50
559,266,95,[1 2 3 4 5 6 7 8],2223,92,128,510.53,2006-07-16,19:10:31
560,274,95,[ 1  2  3  4  5  6  7  8  9 10 11],3405,298,99,16.22,2006-07-16,19:10:31
561,85,95,[1 2 3 4 5 6 7 8 9],1094,96,186,11.04,2006-07-16,19:10:31
562,216,96,[1 2 3 4 5 6 7 8],3218,399,11,16.81,2006-07-16,19:10:31
563,2,96,[ 1  2  3  4  5  6  7  8  9 10 11],364,230,109,6.92,2006-07-16,19:10:31
564,91,96,[1 2 3 4 5 6 7 8 9],2531,490,4,11.12,2006-07-16,19:10:31
565,331,97,[1 2 3 4 5 6 7 8],272,420,102,27.17,2006-07-16,19:10:31
566,410,97,[ 1  2  3  4  5  6  7  8  9 10 11],1526,268,239,8.19,2006-07-16,19:10:31
567,192,97,[1 2 3 4 5 6 7 8 9],2883,26,3,44.76,2006-07-16,19:10:31
568,352,98,[1 2 3 4],329,401,24,15.91,2012-06-22,16:23:49
569,70,98,[ 1  2  3  4  5  6  7  8  9 10 11],1140,129,7,1771.34,2012-06-22,16:23:49
570,87,98,[1],262,422,220,38.74,2012-06-22,16:23:49
571,26,98,[1 2 3 4 5 6 7 8 9],1178,402,133,63.36,2012-06-22,16:23:49
572,302,98,[ 1  2  3  4  5  6  7  8  9 10 11 12],3192,70,152,38.48,2012-06-22,16:23:49
573,236,98,[1 2 3 4 5 6],3032,227,235,36.0,2012-06-22,16:23:49
574,113,98,[1 2 3],2519,157,113,48.02,2012-06-22,16:23:49
575,209,98,[ 1  2  3  4  5  6  7  8  9 10],1694,21,162,23.26,2012-06-22,16:23:49
576,268,99,[1 2 3 4],1640,235,142,5.63,2012-06-22,16:23:49
577,191,99,[ 1  2  3  4  5  6  7  8  9 10 11],2197,467,11,182.69,2012-06-22,16:23:49
578,420,99,[1],1983,19,228,1074.34,2012-06-22,16:23:49
579,122,99,[1 2 3 4 5 6 7 8 9],1045,337,192,123.64,2012-06-22,16:23:49
580,25,99,[ 1  2  3  4  5  6  7  8  9 10 11 12],3250,114,171,22.72,2012-06-22,16:23:49
581,142,99,[1 2 3 4 5 6],3342,256,107,36.62,2012-06-22,16:23:49
582,415,99,[1 2 3],3175,2,188,59.17,2012-06-22,16:23:49
583,255,99,[ 1  2  3  4  5  6  7  8  9 10],2958,127,243,136.65,2012-06-22,16:23:49
584,305,100,[1 2 3 4],2624,104,61,21.94,2012-06-22,16:23:49
585,17,100,[ 1  2  3  4  5  6  7  8  9 10 11],1973,129,62,8.48,2012-06-22,16:23:49
586,457,100,[1],1664,68,156,15.96,2012-06-22,16:23:49
587,42,100,[1 2 3 4 5 6 7 8 9],3163,165,33,18.69,2012-06-22,16:23:49
588,35,100,[ 1  2  3  4  5  6  7  8  9 10 11 12],711,35,147,9.32,2012-06-22,16:23:49
589,253,100,[1 2 3 4 5 6],1179,441,94,9.38,2012-06-22,16:23:49
590,177,100,[1 2 3],2019,413,58,21.61,2012-06-22,16:23:49
591,61,100,[ 1  2  3  4  5  6  7  8  9 10],784,4,110,8.13,2012-06-22,16:23:49
592,425,101,[1 2 3 4],2870,1,97,24.47,2012-06-22,16:23:49
593,15,101,[ 1  2  3  4  5  6  7  8  9 10 11],3500,29,107,34.98,2012-06-22,16:23:49
594,60,101,[1],1312,96,187,107.08,2012-06-22,16:23:49
595,361,101,[1 2 3 4 5 6 7 8 9],3809,168,5,219.79,2012-06-22,16:23:49
596,169,101,[ 1  2  3  4  5  6  7  8  9 10 11 12],456,162,13,15.23,2012-06-22,16:23:49
597,346,101,[1 2 3 4 5 6],1314,272,37,13.68,2012-06-22,16:23:49
598,171,101,[1 2 3],3291,205,245,12.36,2012-06-22,16:23:49
599,464,101,[ 1  2  3  4  5  6  7  8  9 10],505,293,134,15.18,2012-06-22,16:23:49
600,304,102,[1 2 3 4],1021,199,224,58.74,2012-06-22,16:23:49
601,96,102,[ 1  2  3  4  5  6  7  8  9 10 11],3254,227,76,37.71,2012-06-22,16:23:49
602,128,102,[1],2170,412,88,286.17,2012-06-22,16:23:49
603,435,102,[1 2 3 4 5 6 7 8 9],2816,382,164,136.54,2012-06-22,16:23:49
604,363,102,[ 1  2  3  4  5  6  7  8  9 10 11 12],3327,174,61,13.04,2012-06-22,16:23:49
605,315,102,[1 2 3 4 5 6],3532,326,145,27.0,2012-06-22,16:23:49
606,318,102,[1 2 3],437,282,30,27.09,2012-06-22,16:23:49
607,245,102,[ 1  2  3  4  5  6  7  8  9 10],220,444,41,10.62,2012-06-22,16:23:49
608,51,103,[1 2 3 4],1041,346,197,17.42,2012-06-22,16:23:49
609,345,103,[ 1  2  3  4  5  6  7  8  9 10 11],1569,440,104,383.21,2012-06-22,16:23:49
610,181,103,[1],3308,58,2,14.58,2012-06-22,16:23:49
611,103,103,[1 2 3 4 5 6 7 8 9],2406,354,63,539.01,2012-06-22,16:23:49
612,98,103,[ 1  2  3  4  5  6  7  8  9 10 11 12],2151,41,47,557.67,2012-06-22,16:23:49
613,14,103,[1 2 3 4 5 6],1666,379,167,16.42,2012-06-22,16:23:49
614,259,103,[1 2 3],2479,265,108,29.24,2012-06-22,16:23:49
615,212,103,[ 1  2  3  4  5  6  7  8  9 10],1739,170,9,24.0,2012-06-22,16:23:49
616,129,104,[1 2 3 4],226,446,147,14.75,2012-06-22,16:23:49
617,201,104,[ 1  2  3  4  5  6  7  8  9 10 11],1655,112,193,9.17,2012-06-22,16:23:49
618,415,104,[1],2598,359,150,20.17,2012-06-22,16:23:49
619,435,104,[1 2 3 4 5 6 7 8 9],1531,81,238,128.41,2012-06-22,16:23:49
620,257,104,[ 1  2  3  4  5  6  7  8  9 10 11 12],2931,461,173,24.26,2012-06-22,16:23:49
621,135,104,[1 2 3 4 5 6],700,257,178,19.54,2012-06-22,16:23:49
622,36,104,[1 2 3],3644,129,153,26.21,2012-06-22,16:23:49
623,26,104,[ 1  2  3  4  5  6  7  8  9 10],3145,320,230,28.54,2012-06-22,16:23:49
624,10,105,[1 2 3 4],1158,372,247,38.94,2012-06-22,16:23:49
625,256,105,[ 1  2  3  4  5  6  7  8  9 10 11],1555,87,72,9.35,2012-06-22,16:23:49
626,53,105,[1],3418,187,126,139.34,2012-06-22,16:23:49
627,355,105,[1 2 3 4 5 6 7 8 9],1915,398,35,15.41,2012-06-22,16:23:49
628,100,105,[ 1  2  3  4  5  6  7  8  9 10 11 12],3430,361,243,21.68,2012-06-22,16:23:49
629,346,105,[1 2 3 4 5 6],1693,226,220,15.62,2012-06-22,16:23:49
630,123,105,[1 2 3],3285,382,34,209.95,2012-06-22,16:23:49
631,11,105,[ 1  2  3  4  5  6  7  8  9 10],1506,60,129,13.53,2012-06-22,16:23:49
632,430,106,[1 2 3 4 5],2154,103,242,30.78,2012-04-26,20:32:15
633,68,106,[1 2 3 4],798,477,182,777.84,2012-04-26,20:32:15
634,446,106,[1 2],1725,252,26,18.95,2012-04-26,20:32:15
635,342,106,[1 2 3],610,214,157,105.53,2012-04-26,20:32:15
636,490,106,[1 2 3 4 5 6],2176,116,195,242.25,2012-04-26,20:32:15
637,377,107,[1 2 3 4 5],866,490,103,1412.16,2012-04-26,20:32:15
638,69,107,[1 2 3 4],615,469,86,6.54,2012-04-26,20:32:15
639,256,107,[1 2],1596,138,19,9.4,2012-04-26,20:32:15
640,299,107,[1 2 3],262,463,108,38.49,2012-04-26,20:32:15
641,181,107,[1 2 3 4 5 6],3325,177,163,27.71,2012-04-26,20:32:15
642,321,108,[1 2 3 4 5],89,439,22,14.63,2012-04-26,20:32:15
643,180,108,[1 2 3 4],2006,186,107,32.04,2012-04-26,20:32:15
644,330,108,[1 2],2787,294,162,11.86,2012-04-26,20:32:15
645,131,108,[1 2 3],1676,421,200,9.41,2012-04-26,20:32:15
646,443,108,[1 2 3 4 5 6],1210,275,223,1548.66,2012-04-26,20:32:15
647,20,109,[1 2 3 4 5],3239,426,139,95.48,2012-04-26,20:32:15
648,74,109,[1 2 3 4],795,29,196,1516.26,2012-04-26,20:32:15
649,222,109,[1 2],3082,362,114,14.24,2012-04-26,20:32:15
650,449,109,[1 2 3],1984,335,82,8.58,2012-04-26,20:32:15
651,344,109,[1 2 3 4 5 6],3089,184,24,16.26,2012-04-26,20:32:15
652,170,110,[1 2 3 4 5],2777,63,76,102.83,2012-04-26,20:32:15
653,23,110,[1 2 3 4],2771,62,154,39.76,2012-04-26,20:32:15
654,225,110,[1 2],3688,69,64,134.41,2012-04-26,20:32:15
655,317,110,[1 2 3],1024,377,4,28.51,2012-04-26,20:32:15
656,351,110,[1 2 3 4 5 6],1554,247,164,33.16,2012-04-26,20:32:15
657,132,111,[1 2 3 4 5],3218,482,242,16.0,2005-05-23,03:02:15
658,118,111,[1 2 3 4 5 6 7 8],3809,226,170,225.94,2005-05-23,03:02:15
659,428,112,[1 2 3 4 5],1911,94,192,26.55,2005-05-23,03:02:15
660,71,112,[1 2 3 4 5 6 7 8],2129,97,97,495.89,2005-05-23,03:02:15
661,75,113,[ 1  2  3  4  5  6  7  8  9 10 11],2501,444,39,8.76,2014-07-31,05:53:35
662,129,113,[ 1  2  3  4  5  6  7  8  9 10 11 12],3751,429,180,32.86,2014-07-31,05:53:35
663,493,113,[1 2 3],490,57,14,20.9,2014-07-31,05:53:35
664,27,113,[1 2 3 4],794,88,29,10.25,2014-07-31,05:53:35
665,112,113,[1 2 3 4],1857,42,15,12.8,2014-07-31,05:53:35
666,161,113,[1],2371,431,10,720.21,2014-07-31,05:53:35
667,10,113,[1 2 3 4 5 6],873,220,52,94.44,2014-07-31,05:53:35
668,195,114,[ 1  2  3  4  5  6  7  8  9 10 11],3424,204,185,75.22,2014-07-31,05:53:35
669,407,114,[ 1  2  3  4  5  6  7  8  9 10 11 12],1199,450,228,893.48,2014-07-31,05:53:35
670,329,114,[1 2 3],517,221,183,19.95,2014-07-31,05:53:35
671,107,114,[1 2 3 4],3404,16,87,132.44,2014-07-31,05:53:35
672,140,114,[1 2 3 4],3602,210,190,15.62,2014-07-31,05:53:35
673,151,114,[1],3748,269,30,15.96,2014-07-31,05:53:35
674,81,114,[1 2 3 4 5 6],1206,114,6,52.15,2014-07-31,05:53:35
675,46,115,[ 1  2  3  4  5  6  7  8  9 10 11],1271,464,92,142.96,2014-07-31,05:53:35
676,252,115,[ 1  2  3  4  5  6  7  8  9 10 11 12],2293,272,150,147.31,2014-07-31,05:53:35
677,163,115,[1 2 3],276,106,153,25.25,2014-07-31,05:53:35
678,270,115,[1 2 3 4],2452,177,160,25.8,2014-07-31,05:53:35
679,420,115,[1 2 3 4],2464,485,52,86.43,2014-07-31,05:53:35
680,343,115,[1],2079,265,91,69.74,2014-07-31,05:53:35
681,473,115,[1 2 3 4 5 6],1529,436,186,8.08,2014-07-31,05:53:35
682,247,116,[ 1  2  3  4  5  6  7  8  9 10 11],499,488,89,4.84,2014-07-31,05:53:35
683,247,116,[ 1  2  3  4  5  6  7  8  9 10 11 12],2614,416,229,30.61,2014-07-31,05:53:35
684,306,116,[1 2 3],2231,395,190,608.75,2014-07-31,05:53:35
685,412,116,[1 2 3 4],2639,235,21,12.54,2014-07-31,05:53:35
686,221,116,[1 2 3 4],3799,320,234,94.32,2014-07-31,05:53:35
687,422,116,[1],1840,391,115,10.42,2014-07-31,05:53:35
688,498,116,[1 2 3 4 5 6],1774,189,218,104.33,2014-07-31,05:53:35
689,427,117,[ 1  2  3  4  5  6  7  8  9 10 11],2539,206,124,43.14,2014-07-31,05:53:35
690,291,117,[ 1  2  3  4  5  6  7  8  9 10 11 12],3474,109,21,8.98,2014-07-31,05:53:35
691,481,117,[1 2 3],3633,358,181,95.25,2014-07-31,05:53:35
692,227,117,[1 2 3 4],279,321,168,8.02,2014-07-31,05:53:35
693,491,117,[1 2 3 4],1064,186,234,105.69,2014-07-31,05:53:35
694,240,117,[1],1536,346,250,426.77,2014-07-31,05:53:35
695,169,117,[1 2 3 4 5 6],839,146,70,2221.48,2014-07-31,05:53:35
696,475,118,[ 1  2  3  4  5  6  7  8  9 10 11],2460,276,165,40.23,2014-07-31,05:53:35
697,124,118,[ 1  2  3  4  5  6  7  8  9 10 11 12],1677,203,37,147.03,2014-07-31,05:53:35
698,427,118,[1 2 3],1730,30,84,22.45,2014-07-31,05:53:35
699,41,118,[1 2 3 4],2848,309,27,24.39,2014-07-31,05:53:35
700,6,118,[1 2 3 4],1066,450,141,1497.61,2014-07-31,05:53:35
701,376,118,[1],1620,15,118,10.54,2014-07-31,05:53:35
702,370,118,[1 2 3 4 5 6],3783,99,15,50.2,2014-07-31,05:53:35
703,360,119,[ 1  2  3  4  5  6  7  8  9 10 11],1700,221,186,46.08,2014-07-31,05:53:35
704,332,119,[ 1  2  3  4  5  6  7  8  9 10 11 12],3431,322,212,109.74,2014-07-31,05:53:35
705,206,119,[1 2 3],2501,323,28,9.57,2014-07-31,05:53:35
706,338,119,[1 2 3 4],3302,163,33,95.67,2014-07-31,05:53:35
707,166,119,[1 2 3 4],2445,77,42,111.9,2014-07-31,05:53:35
708,19,119,[1],3163,362,29,20.07,2014-07-31,05:53:35
709,131,119,[1 2 3 4 5 6],3016,492,38,23.06,2014-07-31,05:53:35
710,73,120,[ 1  2  3  4  5  6  7  8  9 10 11 12],1529,330,84,6.97,2015-09-13,15:34:13
711,284,120,[1 2 3 4 5 6 7],1993,37,92,13.36,2015-09-13,15:34:13
712,405,120,[1 2],924,20,34,141.95,2015-09-13,15:34:13
713,129,120,[1 2 3],429,274,54,9.53,2015-09-13,15:34:13
714,46,120,[1 2 3 4 5 6 7],2879,329,153,8.11,2015-09-13,15:34:13
715,226,120,[1 2 3 4],41,147,147,13.66,2015-09-13,15:34:13
716,230,120,[1 2 3 4 5 6 7 8 9],2590,85,39,46.62,2015-09-13,15:34:13
717,148,121,[ 1  2  3  4  5  6  7  8  9 10 11 12],3233,133,186,40.38,2015-09-13,15:34:13
718,415,121,[1 2 3 4 5 6 7],3734,345,149,23.99,2015-09-13,15:34:13
719,231,121,[1 2],3699,62,125,18.69,2015-09-13,15:34:13
720,419,121,[1 2 3],1925,223,141,10.25,2015-09-13,15:34:13
721,100,121,[1 2 3 4 5 6 7],2973,300,36,16.52,2015-09-13,15:34:13
722,300,121,[1 2 3 4],1239,427,6,12.29,2015-09-13,15:34:13
723,392,121,[1 2 3 4 5 6 7 8 9],1886,191,193,46.42,2015-09-13,15:34:13
724,56,122,[ 1  2  3  4  5  6  7  8  9 10 11 12],1449,210,74,912.71,2015-09-13,15:34:13
725,482,122,[1 2 3 4 5 6 7],1447,294,139,37.8,2015-09-13,15:34:13
726,164,122,[1 2],3183,410,147,291.44,2015-09-13,15:34:13
727,186,122,[1 2 3],3437,326,57,9.7,2015-09-13,15:34:13
728,30,122,[1 2 3 4 5 6 7],3102,358,178,31.37,2015-09-13,15:34:13
729,157,122,[1 2 3 4],926,258,5,25.53,2015-09-13,15:34:13
730,128,122,[1 2 3 4 5 6 7 8 9],3355,8,92,21.03,2015-09-13,15:34:13
731,451,123,[ 1  2  3  4  5  6  7  8  9 10 11 12],2493,143,214,22.09,2015-09-13,15:34:13
732,433,123,[1 2 3 4 5 6 7],2029,384,5,28.45,2015-09-13,15:34:13
733,362,123,[1 2],3102,256,74,30.72,2015-09-13,15:34:13
734,486,123,[1 2 3],1676,365,159,7.74,2015-09-13,15:34:13
735,1,123,[1 2 3 4 5 6 7],1490,202,214,16.64,2015-09-13,15:34:13
736,460,123,[1 2 3 4],270,337,239,12.25,2015-09-13,15:34:13
737,478,123,[1 2 3 4 5 6 7 8 9],274,2,249,44.28,2015-09-13,15:34:13
738,395,124,[ 1  2  3  4  5  6  7  8  9 10 11 12],1088,182,115,98.43,2015-09-13,15:34:13
739,487,124,[1 2 3 4 5 6 7],3713,33,51,21.58,2015-09-13,15:34:13
740,446,124,[1 2],1936,70,65,14.33,2015-09-13,15:34:13
741,222,124,[1 2 3],2419,383,226,606.56,2015-09-13,15:34:13
742,54,124,[1 2 3 4 5 6 7],2754,310,151,22.63,2015-09-13,15:34:13
743,259,124,[1 2 3 4],2931,277,178,26.6,2015-09-13,15:34:13
744,248,124,[1 2 3 4 5 6 7 8 9],2777,63,150,102.83,2015-09-13,15:34:13
745,451,125,[ 1  2  3  4  5  6  7  8  9 10 11 12],632,210,246,76.12,2015-09-13,15:34:13
746,87,125,[1 2 3 4 5 6 7],22,366,116,22.59,2015-09-13,15:34:13
747,119,125,[1 2],1821,339,38,12.93,2015-09-13,15:34:13
748,111,125,[1 2 3],180,428,131,9.14,2015-09-13,15:34:13
749,281,125,[1 2 3 4 5 6 7],707,456,24,22.2,2015-09-13,15:34:13
750,273,125,[1 2 3 4],2752,51,47,13.95,2015-09-13,15:34:13
751,167,125,[1 2 3 4 5 6 7 8 9],2224,87,137,1101.14,2015-09-13,15:34:13
752,390,126,[ 1  2  3  4  5  6  7  8  9 10 11 12],88,90,99,10.93,2015-09-13,15:34:13
753,240,126,[1 2 3 4 5 6 7],2475,449,84,21.36,2015-09-13,15:34:13
754,99,126,[1 2],2019,235,131,18.02,2015-09-13,15:34:13
755,267,126,[1 2 3],3720,45,114,47.38,2015-09-13,15:34:13
756,379,126,[1 2 3 4 5 6 7],859,57,212,55.96,2015-09-13,15:34:13
757,372,126,[1 2 3 4],833,340,24,12.13,2015-09-13,15:34:13
758,343,126,[1 2 3 4 5 6 7 8 9],519,381,198,8.81,2015-09-13,15:34:13
759,268,127,[1 2 3 4 5 6 7 8 9],2554,359,100,33.47,2015-05-28,03:56:27
760,293,127,[ 1  2  3  4  5  6  7  8  9 10 11 12],478,466,99,13.65,2015-05-28,03:56:27
761,192,127,[1 2 3],427,456,74,7.09,2015-05-28,03:56:27
762,444,127,[1 2 3 4],3586,136,65,16.63,2015-05-28,03:56:27
763,126,127,[1 2 3 4 5],2547,233,57,19.86,2015-05-28,03:56:27
764,86,127,[1 2 3 4],1867,87,131,18.63,2015-05-28,03:56:27
765,457,128,[1 2 3 4 5 6 7 8 9],1584,484,209,34.31,2015-05-28,03:56:27
766,188,128,[ 1  2  3  4  5  6  7  8  9 10 11 12],515,356,55,44.88,2015-05-28,03:56:27
767,51,128,[1 2 3],3368,455,190,86.89,2015-05-28,03:56:27
768,203,128,[1 2 3 4],1259,114,35,9.45,2015-05-28,03:56:27
769,328,128,[1 2 3 4 5],82,193,145,11.12,2015-05-28,03:56:27
770,329,128,[1 2 3 4],895,177,4,34.43,2015-05-28,03:56:27
771,339,129,[1 2 3 4 5 6 7 8 9],2855,326,220,74.89,2015-05-28,03:56:27
772,196,129,[ 1  2  3  4  5  6  7  8  9 10 11 12],2063,418,32,15.84,2015-05-28,03:56:27
773,426,129,[1 2 3],2760,327,136,462.83,2015-05-28,03:56:27
774,310,129,[1 2 3 4],744,296,156,14.31,2015-05-28,03:56:27
775,293,129,[1 2 3 4 5],3393,155,108,115.22,2015-05-28,03:56:27
776,145,129,[1 2 3 4],3769,215,212,340.5,2015-05-28,03:56:27
777,492,130,[1 2 3 4 5 6 7 8 9],3593,288,223,7.97,2015-05-28,03:56:27
778,232,130,[ 1  2  3  4  5  6  7  8  9 10 11 12],3684,181,52,19.74,2015-05-28,03:56:27
779,76,130,[1 2 3],3301,401,22,17.11,2015-05-28,03:56:27
780,237,130,[1 2 3 4],526,435,109,13.43,2015-05-28,03:56:27
781,232,130,[1 2 3 4 5],2857,19,159,103.34,2015-05-28,03:56:27
782,489,130,[1 2 3 4],1678,460,13,8.11,2015-05-28,03:56:27
783,439,131,[1 2 3 4 5 6 7 8 9],1870,471,191,27.97,2015-05-28,03:56:27
784,251,131,[ 1  2  3  4  5  6  7  8  9 10 11 12],1811,252,105,13.07,2015-05-28,03:56:27
785,14,131,[1 2 3],694,462,181,24.33,2015-05-28,03:56:27
786,149,131,[1 2 3 4],46,438,109,58.9,2015-05-28,03:56:27
787,99,131,[1 2 3 4 5],806,332,122,93.71,2015-05-28,03:56:27
788,231,131,[1 2 3 4],1294,213,80,20.15,2015-05-28,03:56:27
789,266,132,[1 2 3 4 5 6 7 8 9],1053,186,139,1064.16,2015-05-28,03:56:27
790,42,132,[ 1  2  3  4  5  6  7  8  9 10 11 12],157,232,56,7.32,2015-05-28,03:56:27
791,238,132,[1 2 3],2819,483,190,340.83,2015-05-28,03:56:27
792,396,132,[1 2 3 4],3725,22,18,25.71,2015-05-28,03:56:27
793,53,132,[1 2 3 4 5],140,85,12,28.34,2015-05-28,03:56:27
794,145,132,[1 2 3 4],2595,470,107,20.63,2015-05-28,03:56:27
795,231,133,[1 2 3 4 5 6 7 8],1339,463,37,49.95,2001-04-07,22:14:45
796,398,133,[1 2 3],3420,431,12,9.29,2001-04-07,22:14:45
797,450,133,[1 2 3],435,325,115,25.33,2001-04-07,22:14:45
798,301,133,[1 2 3 4 5 6 7],1761,453,65,90.48,2001-04-07,22:14:45
799,58,134,[1 2 3 4 5 6 7 8],3312,318,160,143.93,2001-04-07,22:14:45
800,229,134,[1 2 3],851,8,15,14.54,2001-04-07,22:14:45
801,18,134,[1 2 3],1217,77,183,15.42,2001-04-07,22:14:45
802,156,134,[1 2 3 4 5 6 7],289,45,41,138.66,2001-04-07,22:14:45
803,481,135,[1 2 3 4 5 6 7 8],3444,131,188,13.64,2001-04-07,22:14:45
804,315,135,[1 2 3],1438,156,96,149.02,2001-04-07,22:14:45
805,81,135,[1 2 3],2363,424,117,967.83,2001-04-07,22:14:45
806,351,135,[1 2 3 4 5 6 7],5,12,55,40.51,2001-04-07,22:14:45
807,265,136,[1 2 3 4 5 6 7 8],2667,112,152,22.58,2001-04-07,22:14:45
808,255,136,[1 2 3],1994,438,159,47.72,2001-04-07,22:14:45
809,374,136,[1 2 3],1664,187,39,15.46,2001-04-07,22:14:45
810,368,136,[1 2 3 4 5 6 7],93,185,36,7.72,2001-04-07,22:14:45
811,48,137,[1 2 3],1519,85,238,18.46,2002-10-07,10:37:33
812,352,137,[1 2 3 4 5 6 7],2505,235,90,9.88,2002-10-07,10:37:33
813,339,137,[1 2 3 4],198,299,29,28.01,2002-10-07,10:37:33
814,273,138,[1 2 3],1586,206,188,15.89,2002-10-07,10:37:33
815,166,138,[1 2 3 4 5 6 7],3585,34,230,45.28,2002-10-07,10:37:33
816,225,138,[1 2 3 4],1087,64,53,17.63,2002-10-07,10:37:33
817,426,139,[1 2 3],341,180,198,9.24,2002-10-07,10:37:33
818,487,139,[1 2 3 4 5 6 7],2262,322,180,225.97,2002-10-07,10:37:33
819,356,139,[1 2 3 4],753,177,230,18.39,2002-10-07,10:37:33
820,371,140,[1 2 3 4],1268,105,74,55.89,2001-06-13,03:17:38
821,230,140,[1 2],2368,251,32,54.66,2001-06-13,03:17:38
822,51,140,[1 2 3 4 5 6 7 8],250,344,162,27.58,2001-06-13,03:17:38
823,350,140,[1 2 3 4 5 6 7 8 9],1577,381,185,9.15,2001-06-13,03:17:38
824,257,140,[ 1  2  3  4  5  6  7  8  9 10 11 12],132,489,167,7.7,2001-06-13,03:17:38
825,464,141,[1 2 3 4],3564,234,45,14.02,2001-06-13,03:17:38
826,166,141,[1 2],3606,29,112,23.28,2001-06-13,03:17:38
827,406,141,[1 2 3 4 5 6 7 8],3352,282,64,15.33,2001-06-13,03:17:38
828,282,141,[1 2 3 4 5 6 7 8 9],1040,427,117,42.05,2001-06-13,03:17:38
829,216,141,[ 1  2  3  4  5  6  7  8  9 10 11 12],162,205,41,263.59,2001-06-13,03:17:38
830,439,142,[1 2 3 4],3218,192,7,16.6,2001-06-13,03:17:38
831,254,142,[1 2],542,464,154,22.57,2001-06-13,03:17:38
832,364,142,[1 2 3 4 5 6 7 8],3406,126,107,286.05,2001-06-13,03:17:38
833,498,142,[1 2 3 4 5 6 7 8 9],2242,88,108,146.29,2001-06-13,03:17:38
834,410,142,[ 1  2  3  4  5  6  7  8  9 10 11 12],2059,220,53,9.75,2001-06-13,03:17:38
835,364,143,[1 2 3 4],2103,13,187,50.74,2001-06-13,03:17:38
836,174,143,[1 2],3201,99,88,21.35,2001-06-13,03:17:38
837,314,143,[1 2 3 4 5 6 7 8],914,387,191,36.28,2001-06-13,03:17:38
838,254,143,[1 2 3 4 5 6 7 8 9],2621,465,110,35.18,2001-06-13,03:17:38
839,290,143,[ 1  2  3  4  5  6  7  8  9 10 11 12],260,424,186,16.91,2001-06-13,03:17:38
840,480,144,[1 2 3 4],1109,222,194,17.46,2001-06-13,03:17:38
841,247,144,[1 2],812,159,58,88.83,2001-06-13,03:17:38
842,284,144,[1 2 3 4 5 6 7 8],3673,146,101,39.16,2001-06-13,03:17:38
843,165,144,[1 2 3 4 5 6 7 8 9],1188,307,107,42.64,2001-06-13,03:17:38
844,194,144,[ 1  2  3  4  5  6  7  8  9 10 11 12],3692,230,31,22.09,2001-06-13,03:17:38
845,464,145,[ 1  2  3  4  5  6  7  8  9 10 11],3543,32,234,172.71,2010-10-29,04:17:44
846,481,145,[ 1  2  3  4  5  6  7  8  9 10],3074,414,102,32.58,2010-10-29,04:17:44
847,476,145,[ 1  2  3  4  5  6  7  8  9 10 11],2719,450,31,17.03,2010-10-29,04:17:44
848,442,145,[ 1  2  3  4  5  6  7  8  9 10],1780,47,75,152.07,2010-10-29,04:17:44
849,428,145,[ 1  2  3  4  5  6  7  8  9 10 11],3094,382,14,26.68,2010-10-29,04:17:44
850,380,146,[ 1  2  3  4  5  6  7  8  9 10 11],390,144,171,22.51,2010-10-29,04:17:44
851,493,146,[ 1  2  3  4  5  6  7  8  9 10],1301,449,40,8.22,2010-10-29,04:17:44
852,5,146,[ 1  2  3  4  5  6  7  8  9 10 11],2204,396,244,395.4,2010-10-29,04:17:44
853,80,146,[ 1  2  3  4  5  6  7  8  9 10],1949,169,218,16.41,2010-10-29,04:17:44
854,322,146,[ 1  2  3  4  5  6  7  8  9 10 11],1615,114,106,269.34,2010-10-29,04:17:44
855,371,147,[ 1  2  3  4  5  6  7  8  9 10 11],3501,72,68,16.95,2010-10-29,04:17:44
856,316,147,[ 1  2  3  4  5  6  7  8  9 10],404,194,128,1033.72,2010-10-29,04:17:44
857,320,147,[ 1  2  3  4  5  6  7  8  9 10 11],654,97,248,16.63,2010-10-29,04:17:44
858,437,147,[ 1  2  3  4  5  6  7  8  9 10],1005,381,13,9.31,2010-10-29,04:17:44
859,281,147,[ 1  2  3  4  5  6  7  8  9 10 11],1826,186,160,6.79,2010-10-29,04:17:44
860,326,148,[ 1  2  3  4  5  6  7  8  9 10 11],304,310,178,246.36,2010-10-29,04:17:44
861,309,148,[ 1  2  3  4  5  6  7  8  9 10],2679,35,13,32.27,2010-10-29,04:17:44
862,123,148,[ 1  2  3  4  5  6  7  8  9 10 11],697,403,114,9.56,2010-10-29,04:17:44
863,88,148,[ 1  2  3  4  5  6  7  8  9 10],2738,282,41,16.32,2010-10-29,04:17:44
864,13,148,[ 1  2  3  4  5  6  7  8  9 10 11],2847,96,160,13.18,2010-10-29,04:17:44
865,123,149,[ 1  2  3  4  5  6  7  8  9 10 11],1566,313,217,17.63,2010-10-29,04:17:44
866,469,149,[ 1  2  3  4  5  6  7  8  9 10],3098,168,46,23.8,2010-10-29,04:17:44
867,343,149,[ 1  2  3  4  5  6  7  8  9 10 11],488,121,44,23.9,2010-10-29,04:17:44
868,139,149,[ 1  2  3  4  5  6  7  8  9 10],2552,266,26,6.91,2010-10-29,04:17:44
869,457,149,[ 1  2  3  4  5  6  7  8  9 10 11],2261,440,183,486.09,2010-10-29,04:17:44
870,164,150,[1],3531,295,166,91.26,2008-02-03,07:20:37
871,5,150,[1 2],2636,128,187,16.56,2008-02-03,07:20:37
872,219,150,[1 2 3],2906,278,187,21.41,2008-02-03,07:20:37
873,150,150,[1 2 3 4 5 6 7 8 9],3191,126,13,48.83,2008-02-03,07:20:37
874,468,150,[ 1  2  3  4  5  6  7  8  9 10],3151,215,205,11.27,2008-02-03,07:20:37
875,221,150,[ 1  2  3  4  5  6  7  8  9 10 11],2979,116,216,21.05,2008-02-03,07:20:37
876,484,151,[1],3496,224,67,53.26,2008-02-03,07:20:37
877,346,151,[1 2],3163,309,180,21.12,2008-02-03,07:20:37
878,29,151,[1 2 3],3323,106,124,126.36,2008-02-03,07:20:37
879,325,151,[1 2 3 4 5 6 7 8 9],1515,170,140,40.91,2008-02-03,07:20:37
880,413,151,[ 1  2  3  4  5  6  7  8  9 10],375,77,21,9.11,2008-02-03,07:20:37
881,122,151,[ 1  2  3  4  5  6  7  8  9 10 11],706,355,104,41.41,2008-02-03,07:20:37
882,187,152,[1],1566,481,63,17.93,2008-02-03,07:20:37
883,16,152,[1 2],3224,10,245,40.26,2008-02-03,07:20:37
884,260,152,[1 2 3],1305,367,15,14.82,2008-02-03,07:20:37
885,304,152,[1 2 3 4 5 6 7 8 9],1683,139,209,26.01,2008-02-03,07:20:37
886,277,152,[ 1  2  3  4  5  6  7  8  9 10],742,462,55,12.82,2008-02-03,07:20:37
887,433,152,[ 1  2  3  4  5  6  7  8  9 10 11],906,314,7,27.01,2008-02-03,07:20:37
888,201,153,[1],2350,373,127,608.3,2008-02-03,07:20:37
889,373,153,[1 2],1187,269,62,1596.38,2008-02-03,07:20:37
890,295,153,[1 2 3],3798,391,193,185.06,2008-02-03,07:20:37
891,27,153,[1 2 3 4 5 6 7 8 9],1399,296,168,15.35,2008-02-03,07:20:37
892,489,153,[ 1  2  3  4  5  6  7  8  9 10],518,89,233,7.25,2008-02-03,07:20:37
893,33,153,[ 1  2  3  4  5  6  7  8  9 10 11],1336,289,64,16.76,2008-02-03,07:20:37
894,257,154,[1],2859,455,71,574.48,2008-02-03,07:20:37
895,77,154,[1 2],3090,87,52,41.83,2008-02-03,07:20:37
896,111,154,[1 2 3],1085,265,88,105.43,2008-02-03,07:20:37
897,176,154,[1 2 3 4 5 6 7 8 9],37,23,67,8.42,2008-02-03,07:20:37
898,361,154,[ 1  2  3  4  5  6  7  8  9 10],339,213,12,21.06,2008-02-03,07:20:37
899,251,154,[ 1  2  3  4  5  6  7  8  9 10 11],2212,440,198,438.12,2008-02-03,07:20:37
900,353,155,[1],416,69,86,15.74,2008-02-03,07:20:37
901,299,155,[1 2],1119,48,158,46.65,2008-02-03,07:20:37
902,461,155,[1 2 3],546,182,96,17.19,2008-02-03,07:20:37
903,416,155,[1 2 3 4 5 6 7 8 9],764,488,132,57.98,2008-02-03,07:20:37
904,333,155,[ 1  2  3  4  5  6  7  8  9 10],3152,280,62,25.34,2008-02-03,07:20:37
905,269,155,[ 1  2  3  4  5  6  7  8  9 10 11],2320,282,16,510.42,2008-02-03,07:20:37
906,108,156,[1 2 3 4 5 6 7 8],2850,446,156,125.83,2013-01-18,06:52:42
907,185,156,[1 2 3 4 5],1669,487,208,22.29,2013-01-18,06:52:42
908,228,156,[ 1  2  3  4  5  6  7  8  9 10 11],2841,212,191,20.97,2013-01-18,06:52:42
909,372,156,[1 2 3 4 5],3145,27,228,26.52,2013-01-18,06:52:42
910,284,157,[1 2 3 4 5 6 7 8],1735,188,105,13.85,2013-01-18,06:52:42
911,103,157,[1 2 3 4 5],2800,181,53,53.73,2013-01-18,06:52:42
912,236,157,[ 1  2  3  4  5  6  7  8  9 10 11],2268,24,14,290.28,2013-01-18,06:52:42
913,211,157,[1 2 3 4 5],3094,20,140,26.66,2013-01-18,06:52:42
914,32,158,[1 2 3 4 5 6 7 8],2916,230,175,681.14,2013-01-18,06:52:42
915,225,158,[1 2 3 4 5],3490,356,189,41.74,2013-01-18,06:52:42
916,55,158,[ 1  2  3  4  5  6  7  8  9 10 11],297,455,3,15.51,2013-01-18,06:52:42
917,54,158,[1 2 3 4 5],2897,79,218,36.04,2013-01-18,06:52:42
918,43,159,[1 2 3 4 5 6 7 8],2721,381,177,25.5,2013-01-18,06:52:42
919,160,159,[1 2 3 4 5],1996,308,99,17.48,2013-01-18,06:52:42
920,476,159,[ 1  2  3  4  5  6  7  8  9 10 11],3416,104,68,13.36,2013-01-18,06:52:42
921,444,159,[1 2 3 4 5],64,273,13,141.47,2013-01-18,06:52:42
922,239,160,[1 2 3 4 5 6 7 8 9],3075,174,82,52.3,2016-12-28,06:51:51
923,94,160,[ 1  2  3  4  5  6  7  8  9 10 11],706,254,229,45.38,2016-12-28,06:51:51
924,152,160,[1 2 3 4 5 6 7],3508,326,143,8.29,2016-12-28,06:51:51
925,265,160,[1 2 3 4],1780,195,77,146.14,2016-12-28,06:51:51
926,479,160,[1 2 3 4 5],2047,324,84,10.62,2016-12-28,06:51:51
927,265,161,[1 2 3 4 5 6 7 8 9],2757,257,165,30.79,2016-12-28,06:51:51
928,214,161,[ 1  2  3  4  5  6  7  8  9 10 11],16,117,138,27.62,2016-12-28,06:51:51
929,253,161,[1 2 3 4 5 6 7],1151,22,35,62.38,2016-12-28,06:51:51
930,97,161,[1 2 3 4],3469,58,133,9.56,2016-12-28,06:51:51
931,249,161,[1 2 3 4 5],1966,162,11,18.2,2016-12-28,06:51:51
932,100,162,[1 2 3 4 5 6 7 8 9],3216,74,99,84.9,2016-12-28,06:51:51
933,346,162,[ 1  2  3  4  5  6  7  8  9 10 11],661,433,207,77.61,2016-12-28,06:51:51
934,246,162,[1 2 3 4 5 6 7],119,292,4,9.89,2016-12-28,06:51:51
935,117,162,[1 2 3 4],321,433,114,1788.14,2016-12-28,06:51:51
936,418,162,[1 2 3 4 5],950,83,34,262.25,2016-12-28,06:51:51
937,265,163,[1 2 3 4 5 6 7 8 9],684,475,12,18.06,2016-12-28,06:51:51
938,286,163,[ 1  2  3  4  5  6  7  8  9 10 11],221,59,89,193.51,2016-12-28,06:51:51
939,487,163,[1 2 3 4 5 6 7],1822,116,100,15.85,2016-12-28,06:51:51
940,484,163,[1 2 3 4],35,299,6,11.87,2016-12-28,06:51:51
941,120,163,[1 2 3 4 5],604,113,139,34.72,2016-12-28,06:51:51
942,53,164,[1 2 3 4 5 6 7 8 9],1400,288,61,14.41,2016-12-28,06:51:51
943,187,164,[ 1  2  3  4  5  6  7  8  9 10 11],1619,108,155,8.2,2016-12-28,06:51:51
944,101,164,[1 2 3 4 5 6 7],2669,368,119,50.72,2016-12-28,06:51:51
945,40,164,[1 2 3 4],2267,485,67,111.11,2016-12-28,06:51:51
946,415,164,[1 2 3 4 5],311,329,23,65.41,2016-12-28,06:51:51
947,145,165,[1 2 3 4 5 6 7],2304,418,59,479.27,2016-01-02,02:14:54
948,391,165,[ 1  2  3  4  5  6  7  8  9 10 11],2002,407,21,15.71,2016-01-02,02:14:54
949,137,165,[1],2025,441,12,28.37,2016-01-02,02:14:54
950,468,166,[1 2 3 4 5 6 7],686,158,221,55.41,2016-01-02,02:14:54
951,99,166,[ 1  2  3  4  5  6  7  8  9 10 11],3388,209,221,37.81,2016-01-02,02:14:54
952,417,166,[1],2320,356,56,537.75,2016-01-02,02:14:54
953,269,167,[1 2 3 4 5 6 7],3683,381,135,205.52,2016-01-02,02:14:54
954,167,167,[ 1  2  3  4  5  6  7  8  9 10 11],2300,87,6,62.51,2016-01-02,02:14:54
955,214,167,[1],1487,59,216,55.76,2016-01-02,02:14:54
956,439,168,[1 2 3 4 5],963,492,32,97.19,2002-05-16,21:24:44
957,19,168,[1 2 3],399,30,242,16.71,2002-05-16,21:24:44
958,122,168,[1],455,270,60,10.79,2002-05-16,21:24:44
959,73,168,[ 1  2  3  4  5  6  7  8  9 10 11],2164,97,27,1087.45,2002-05-16,21:24:44
960,174,168,[1 2 3 4 5],1500,81,144,8.2,2002-05-16,21:24:44
961,250,168,[ 1  2  3  4  5  6  7  8  9 10 11],3085,134,230,241.11,2002-05-16,21:24:44
962,47,169,[1 2 3 4 5],2374,357,21,193.26,2002-05-16,21:24:44
963,324,169,[1 2 3],3640,297,1,532.08,2002-05-16,21:24:44
964,223,169,[1],1813,64,211,35.2,2002-05-16,21:24:44
965,114,169,[ 1  2  3  4  5  6  7  8  9 10 11],1119,426,120,48.57,2002-05-16,21:24:44
966,29,169,[1 2 3 4 5],3173,0,159,12.93,2002-05-16,21:24:44
967,288,169,[ 1  2  3  4  5  6  7  8  9 10 11],1220,89,69,1153.45,2002-05-16,21:24:44
968,96,170,[1 2 3 4 5],3616,318,153,186.12,2002-05-16,21:24:44
969,400,170,[1 2 3],2908,481,56,1090.64,2002-05-16,21:24:44
970,202,170,[1],2387,303,213,534.82,2002-05-16,21:24:44
971,217,170,[ 1  2  3  4  5  6  7  8  9 10 11],3087,162,228,22.21,2002-05-16,21:24:44
972,480,170,[1 2 3 4 5],2631,256,94,12.21,2002-05-16,21:24:44
973,449,170,[ 1  2  3  4  5  6  7  8  9 10 11],2890,192,105,47.39,2002-05-16,21:24:44
974,495,171,[1 2 3 4 5],1405,483,182,7.5,2002-05-16,21:24:44
975,403,171,[1 2 3],2534,66,59,17.7,2002-05-16,21:24:44
976,289,171,[1],3184,102,160,22.4,2002-05-16,21:24:44
977,310,171,[ 1  2  3  4  5  6  7  8  9 10 11],727,98,243,18.47,2002-05-16,21:24:44
978,349,171,[1 2 3 4 5],342,475,131,13.19,2002-05-16,21:24:44
979,238,171,[ 1  2  3  4  5  6  7  8  9 10 11],1324,250,71,17.06,2002-05-16,21:24:44
980,418,172,[1 2 3 4 5],1348,242,17,106.88,2002-05-16,21:24:44
981,448,172,[1 2 3],3483,105,94,12.0,2002-05-16,21:24:44
982,493,172,[1],1818,14,186,69.86,2002-05-16,21:24:44
983,110,172,[ 1  2  3  4  5  6  7  8  9 10 11],3560,472,117,22.73,2002-05-16,21:24:44
984,497,172,[1 2 3 4 5],3417,445,87,26.67,2002-05-16,21:24:44
985,13,172,[ 1  2  3  4  5  6  7  8  9 10 11],3003,451,16,28.6,2002-05-16,21:24:44
986,256,173,[1 2 3 4 5],3516,314,149,17.42,2002-05-16,21:24:44
987,401,173,[1 2 3],721,236,201,40.89,2002-05-16,21:24:44
988,69,173,[1],2026,91,91,12.33,2002-05-16,21:24:44
989,353,173,[ 1  2  3  4  5  6  7  8  9 10 11],2142,4,235,795.09,2002-05-16,21:24:44
990,478,173,[1 2 3 4 5],3218,293,207,16.04,2002-05-16,21:24:44
991,427,173,[ 1  2  3  4  5  6  7  8  9 10 11],3000,47,116,80.61,2002-05-16,21:24:44
992,319,174,[1],1719,323,87,12.91,2007-07-31,14:33:53
993,166,174,[ 1  2  3  4  5  6  7  8  9 10],480,260,47,59.88,2007-07-31,14:33:53
994,201,174,[1 2 3 4 5],2152,65,244,775.9,2007-07-31,14:33:53
995,229,174,[1 2 3 4],3268,351,134,199.26,2007-07-31,14:33:53
996,353,175,[1],1887,402,179,61.93,2007-07-31,14:33:53
997,172,175,[ 1  2  3  4  5  6  7  8  9 10],1533,174,62,29.65,2007-07-31,14:33:53
998,441,175,[1 2 3 4 5],2466,471,93,72.02,2007-07-31,14:33:53
999,312,175,[1 2 3 4],3452,296,66,44.68,2007-07-31,14:33:53
1000,211,176,[1],240,367,52,9.29,2007-07-31,14:33:53
1001,62,176,[ 1  2  3  4  5  6  7  8  9 10],1035,298,151,214.21,2007-07-31,14:33:53
1002,150,176,[1 2 3 4 5],836,146,155,8.56,2007-07-31,14:33:53
1003,24,176,[1 2 3 4],3468,187,91,148.34,2007-07-31,14:33:53
1004,27,177,[1],1647,215,15,15.8,2007-07-31,14:33:53
1005,9,177,[ 1  2  3  4  5  6  7  8  9 10],2347,321,60,321.74,2007-07-31,14:33:53
1006,279,177,[1 2 3 4 5],2370,492,249,885.24,2007-07-31,14:33:53
1007,208,177,[1 2 3 4],3675,264,147,11.01,2007-07-31,14:33:53
1008,498,178,[ 1  2  3  4  5  6  7  8  9 10],2901,255,103,36.36,2010-06-12,14:41:40
1009,270,178,[1 2 3 4 5 6],1188,381,86,36.31,2010-06-12,14:41:40
1010,76,178,[ 1  2  3  4  5  6  7  8  9 10],665,96,143,29.09,2010-06-12,14:41:40
1011,146,179,[ 1  2  3  4  5  6  7  8  9 10],498,318,247,60.22,2010-06-12,14:41:40
1012,336,179,[1 2 3 4 5 6],1689,380,49,11.23,2010-06-12,14:41:40
1013,401,179,[ 1  2  3  4  5  6  7  8  9 10],1454,380,149,8.46,2010-06-12,14:41:40
1014,72,180,[ 1  2  3  4  5  6  7  8  9 10],719,178,33,368.09,2010-06-12,14:41:40
1015,201,180,[1 2 3 4 5 6],968,172,243,11.17,2010-06-12,14:41:40
1016,408,180,[ 1  2  3  4  5  6  7  8  9 10],3420,329,91,9.25,2010-06-12,14:41:40
1017,393,181,[ 1  2  3  4  5  6  7  8  9 10],2867,416,89,93.66,2017-08-01,12:58:48
1018,471,181,[1 2 3 4 5 6 7 8 9],2390,28,207,246.23,2017-08-01,12:58:48
1019,204,181,[1 2 3],2549,166,198,27.22,2017-08-01,12:58:48
1020,130,181,[ 1  2  3  4  5  6  7  8  9 10 11 12],1564,142,205,7.73,2017-08-01,12:58:48
1021,228,182,[ 1  2  3  4  5  6  7  8  9 10],442,37,194,13.52,2017-08-01,12:58:48
1022,23,182,[1 2 3 4 5 6 7 8 9],1805,274,104,20.08,2017-08-01,12:58:48
1023,292,182,[1 2 3],1131,13,77,16.04,2017-08-01,12:58:48
1024,282,182,[ 1  2  3  4  5  6  7  8  9 10 11 12],636,406,163,35.91,2017-08-01,12:58:48
1025,11,183,[ 1  2  3  4  5  6  7  8  9 10],3017,227,225,19.81,2017-08-01,12:58:48
1026,435,183,[1 2 3 4 5 6 7 8 9],2537,464,52,65.44,2017-08-01,12:58:48
1027,280,183,[1 2 3],2191,156,1,223.39,2017-08-01,12:58:48
1028,18,183,[ 1  2  3  4  5  6  7  8  9 10 11 12],1314,456,195,13.11,2017-08-01,12:58:48
1029,194,184,[ 1  2  3  4  5  6  7  8  9 10],2209,112,115,37.5,2017-08-01,12:58:48
1030,214,184,[1 2 3 4 5 6 7 8 9],230,78,75,1025.45,2017-08-01,12:58:48
1031,298,184,[1 2 3],749,474,50,50.58,2017-08-01,12:58:48
1032,353,184,[ 1  2  3  4  5  6  7  8  9 10 11 12],2634,370,11,47.56,2017-08-01,12:58:48
1033,404,185,[1 2 3 4 5 6 7 8 9],668,104,206,179.69,2002-11-05,07:44:36
1034,482,185,[1 2 3],880,335,115,1063.91,2002-11-05,07:44:36
1035,323,185,[1 2 3 4 5],3242,445,37,5.45,2002-11-05,07:44:36
1036,91,185,[1 2 3 4 5 6 7],2408,107,110,1364.36,2002-11-05,07:44:36
1037,304,185,[1],1161,133,232,33.19,2002-11-05,07:44:36
1038,365,185,[ 1  2  3  4  5  6  7  8  9 10 11],2368,477,63,57.18,2002-11-05,07:44:36
1039,144,186,[1 2 3 4 5 6 7 8 9],842,471,130,1073.91,2002-11-05,07:44:36
1040,127,186,[1 2 3],3618,146,19,18.89,2002-11-05,07:44:36
1041,476,186,[1 2 3 4 5],294,143,98,1133.5,2002-11-05,07:44:36
1042,482,186,[1 2 3 4 5 6 7],400,499,102,31.03,2002-11-05,07:44:36
1043,493,186,[1],3185,412,149,221.28,2002-11-05,07:44:36
1044,228,186,[ 1  2  3  4  5  6  7  8  9 10 11],1733,426,36,17.55,2002-11-05,07:44:36
1045,222,187,[1 2 3 4 5 6 7 8 9],1242,283,247,43.52,2002-11-05,07:44:36
1046,466,187,[1 2 3],3178,482,62,22.52,2002-11-05,07:44:36
1047,118,187,[1 2 3 4 5],512,379,167,7.87,2002-11-05,07:44:36
1048,411,187,[1 2 3 4 5 6 7],1554,372,61,29.76,2002-11-05,07:44:36
1049,90,187,[1],129,435,234,11.53,2002-11-05,07:44:36
1050,245,187,[ 1  2  3  4  5  6  7  8  9 10 11],2758,49,102,18.56,2002-11-05,07:44:36
1051,87,188,[1 2 3 4 5 6 7 8 9],3437,437,191,7.93,2002-11-05,07:44:36
1052,258,188,[1 2 3],3571,233,159,48.6,2002-11-05,07:44:36
1053,67,188,[1 2 3 4 5],974,37,167,14.28,2002-11-05,07:44:36
1054,376,188,[1 2 3 4 5 6 7],1356,465,216,68.49,2002-11-05,07:44:36
1055,157,188,[1],3494,484,70,13.89,2002-11-05,07:44:36
1056,89,188,[ 1  2  3  4  5  6  7  8  9 10 11],800,372,230,89.2,2002-11-05,07:44:36
1057,470,189,[1 2 3 4 5 6 7 8 9],802,58,80,9.97,2002-11-05,07:44:36
1058,209,189,[1 2 3],1081,275,68,23.95,2002-11-05,07:44:36
1059,82,189,[1 2 3 4 5],3635,375,133,153.46,2002-11-05,07:44:36
1060,188,189,[1 2 3 4 5 6 7],1778,48,169,13.56,2002-11-05,07:44:36
1061,71,189,[1],2703,273,114,20.2,2002-11-05,07:44:36
1062,24,189,[ 1  2  3  4  5  6  7  8  9 10 11],2876,48,15,214.77,2002-11-05,07:44:36
1063,268,190,[1 2 3 4 5 6 7 8 9],2895,81,138,16.11,2002-11-05,07:44:36
1064,273,190,[1 2 3],3472,51,129,6.36,2002-11-05,07:44:36
1065,417,190,[1 2 3 4 5],2442,421,88,487.36,2002-11-05,07:44:36
1066,258,190,[1 2 3 4 5 6 7],2737,369,52,67.47,2002-11-05,07:44:36
1067,256,190,[1],2276,221,138,306.94,2002-11-05,07:44:36
1068,431,190,[ 1  2  3  4  5  6  7  8  9 10 11],1465,268,199,165.52,2002-11-05,07:44:36
1069,474,191,[1 2 3 4 5 6 7 8],1339,380,166,46.99,2020-04-12,18:44:29
1070,314,191,[1 2 3 4],3471,74,21,27.39,2020-04-12,18:44:29
1071,34,191,[1 2 3 4 5 6 7],2846,254,217,197.65,2020-04-12,18:44:29
1072,153,191,[1 2 3 4 5 6 7],477,410,88,23.69,2020-04-12,18:44:29
1073,144,191,[1],1636,168,76,14.76,2020-04-12,18:44:29
1074,464,191,[1],3555,196,80,22.79,2020-04-12,18:44:29
1075,325,191,[ 1  2  3  4  5  6  7  8  9 10],1025,483,181,118.56,2020-04-12,18:44:29
1076,98,191,[1 2 3 4 5 6 7 8],1469,149,61,88.67,2020-04-12,18:44:29
1077,499,192,[1 2 3 4 5 6 7 8],320,224,173,7.59,2020-04-12,18:44:29
1078,167,192,[1 2 3 4],2102,289,46,51.92,2020-04-12,18:44:29
1079,149,192,[1 2 3 4 5 6 7],775,9,187,20.42,2020-04-12,18:44:29
1080,228,192,[1 2 3 4 5 6 7],259,112,91,13.21,2020-04-12,18:44:29
1081,365,192,[1],527,5,107,23.46,2020-04-12,18:44:29
1082,136,192,[1],1014,435,133,19.5,2020-04-12,18:44:29
1083,192,192,[ 1  2  3  4  5  6  7  8  9 10],1325,425,178,29.98,2020-04-12,18:44:29
1084,347,192,[1 2 3 4 5 6 7 8],3520,305,170,208.7,2020-04-12,18:44:29
1085,157,193,[1 2 3 4 5 6 7 8],760,121,146,17.9,2020-04-12,18:44:29
1086,51,193,[1 2 3 4],103,233,99,35.64,2020-04-12,18:44:29
1087,9,193,[1 2 3 4 5 6 7],3452,479,66,50.04,2020-04-12,18:44:29
1088,434,193,[1 2 3 4 5 6 7],463,316,188,15.47,2020-04-12,18:44:29
1089,356,193,[1],1268,182,102,58.73,2020-04-12,18:44:29
1090,408,193,[1],1365,247,108,58.83,2020-04-12,18:44:29
1091,43,193,[ 1  2  3  4  5  6  7  8  9 10],3091,121,42,8.36,2020-04-12,18:44:29
1092,482,193,[1 2 3 4 5 6 7 8],2102,153,22,58.3,2020-04-12,18:44:29
1093,206,194,[1 2 3 4 5 6 7 8],2227,26,222,612.4,2020-04-12,18:44:29
1094,441,194,[1 2 3 4],1907,163,91,17.47,2020-04-12,18:44:29
1095,91,194,[1 2 3 4 5 6 7],1613,132,31,23.07,2020-04-12,18:44:29
1096,195,194,[1 2 3 4 5 6 7],1019,144,220,10.83,2020-04-12,18:44:29
1097,476,194,[1],2272,37,114,435.91,2020-04-12,18:44:29
1098,258,194,[1],659,90,49,75.86,2020-04-12,18:44:29
1099,226,194,[ 1  2  3  4  5  6  7  8  9 10],2660,84,100,8.45,2020-04-12,18:44:29
1100,131,194,[1 2 3 4 5 6 7 8],1821,294,157,12.3,2020-04-12,18:44:29
1101,244,195,[1 2 3 4 5 6 7 8],3111,331,62,32.17,2020-04-12,18:44:29
1102,204,195,[1 2 3 4],2319,186,179,25.79,2020-04-12,18:44:29
1103,366,195,[1 2 3 4 5 6 7],1689,216,90,8.26,2020-04-12,18:44:29
1104,220,195,[1 2 3 4 5 6 7],1083,4,206,53.39,2020-04-12,18:44:29
1105,104,195,[1],3483,489,195,15.04,2020-04-12,18:44:29
1106,381,195,[1],1335,24,32,25.57,2020-04-12,18:44:29
1107,89,195,[ 1  2  3  4  5  6  7  8  9 10],3168,142,3,36.23,2020-04-12,18:44:29
1108,393,195,[1 2 3 4 5 6 7 8],559,214,14,13.76,2020-04-12,18:44:29
1109,333,196,[1 2 3 4 5 6 7 8],3594,335,196,15.31,2020-04-12,18:44:29
1110,305,196,[1 2 3 4],3585,348,24,42.16,2020-04-12,18:44:29
1111,461,196,[1 2 3 4 5 6 7],2350,137,31,707.86,2020-04-12,18:44:29
1112,11,196,[1 2 3 4 5 6 7],216,173,175,14.19,2020-04-12,18:44:29
1113,45,196,[1],2142,236,230,675.28,2020-04-12,18:44:29
1114,259,196,[1],3142,288,237,16.62,2020-04-12,18:44:29
1115,438,196,[ 1  2  3  4  5  6  7  8  9 10],604,113,160,34.72,2020-04-12,18:44:29
1116,77,196,[1 2 3 4 5 6 7 8],2812,484,62,15.57,2020-04-12,18:44:29
1117,322,197,[1 2 3 4 5 6 7 8],1221,353,78,1077.72,2020-04-12,18:44:29
1118,18,197,[1 2 3 4],1726,414,233,350.63,2020-04-12,18:44:29
1119,438,197,[1 2 3 4 5 6 7],2385,119,144,312.53,2020-04-12,18:44:29
1120,316,197,[1 2 3 4 5 6 7],783,225,230,154.71,2020-04-12,18:44:29
1121,14,197,[1],393,321,17,16.65,2020-04-12,18:44:29
1122,392,197,[1],3514,62,126,65.19,2020-04-12,18:44:29
1123,115,197,[ 1  2  3  4  5  6  7  8  9 10],2029,296,199,28.91,2020-04-12,18:44:29
1124,431,197,[1 2 3 4 5 6 7 8],3770,412,49,8.63,2020-04-12,18:44:29
1125,349,198,[1 2 3 4 5 6 7 8],1311,285,63,17.15,2020-04-12,18:44:29
1126,278,198,[1 2 3 4],2194,428,112,818.43,2020-04-12,18:44:29
1127,296,198,[1 2 3 4 5 6 7],2095,443,170,57.18,2020-04-12,18:44:29
1128,89,198,[1 2 3 4 5 6 7],756,83,172,9.5,2020-04-12,18:44:29
1129,443,198,[1],1785,304,74,10.69,2020-04-12,18:44:29
1130,354,198,[1],284,6,16,6.32,2020-04-12,18:44:29
1131,95,198,[ 1  2  3  4  5  6  7  8  9 10],2795,206,41,19.89,2020-04-12,18:44:29
1132,368,198,[1 2 3 4 5 6 7 8],3673,146,61,39.16,2020-04-12,18:44:29
1133,323,199,[1 2 3 4 5],1179,421,79,8.89,2022-01-28,19:17:43
1134,58,199,[1 2 3 4],496,309,7,15.98,2022-01-28,19:17:43
1135,423,199,[1 2 3],1039,363,220,21.35,2022-01-28,19:17:43
1136,460,199,[1 2 3],609,358,119,46.08,2022-01-28,19:17:43
1137,141,199,[1 2 3 4 5 6 7 8 9],2204,129,37,392.1,2022-01-28,19:17:43
1138,484,199,[ 1  2  3  4  5  6  7  8  9 10],1092,489,245,225.59,2022-01-28,19:17:43
1139,47,199,[ 1  2  3  4  5  6  7  8  9 10 11 12],3701,144,149,18.37,2022-01-28,19:17:43
1140,37,199,[1 2 3 4 5 6 7 8 9],2443,227,159,73.42,2022-01-28,19:17:43
1141,114,200,[1 2 3 4 5],2677,33,220,95.41,2022-01-28,19:17:43
1142,168,200,[1 2 3 4],1007,477,163,8.75,2022-01-28,19:17:43
1143,367,200,[1 2 3],71,390,34,15.51,2022-01-28,19:17:43
1144,164,200,[1 2 3],3695,372,123,48.93,2022-01-28,19:17:43
1145,402,200,[1 2 3 4 5 6 7 8 9],2464,354,97,88.74,2022-01-28,19:17:43
1146,81,200,[ 1  2  3  4  5  6  7  8  9 10],2594,354,143,136.25,2022-01-28,19:17:43
1147,415,200,[ 1  2  3  4  5  6  7  8  9 10 11 12],1261,465,211,17.72,2022-01-28,19:17:43
1148,326,200,[1 2 3 4 5 6 7 8 9],605,313,10,63.01,2022-01-28,19:17:43
1149,389,201,[1 2 3 4 5],1356,214,114,75.55,2022-01-28,19:17:43
1150,298,201,[1 2 3 4],2286,175,38,117.43,2022-01-28,19:17:43
1151,364,201,[1 2 3],3328,322,107,17.67,2022-01-28,19:17:43
1152,113,201,[1 2 3],2664,19,77,72.62,2022-01-28,19:17:43
1153,234,201,[1 2 3 4 5 6 7 8 9],1397,436,230,76.29,2022-01-28,19:17:43
1154,48,201,[ 1  2  3  4  5  6  7  8  9 10],3014,324,127,30.57,2022-01-28,19:17:43
1155,57,201,[ 1  2  3  4  5  6  7  8  9 10 11 12],1648,258,224,13.05,2022-01-28,19:17:43
1156,323,201,[1 2 3 4 5 6 7 8 9],2,321,19,28.72,2022-01-28,19:17:43
1157,495,202,[1 2 3 4 5],1778,271,40,12.44,2022-01-28,19:17:43
1158,317,202,[1 2 3 4],486,373,63,6.93,2022-01-28,19:17:43
1159,492,202,[1 2 3],15,172,80,37.16,2022-01-28,19:17:43
1160,139,202,[1 2 3],1109,397,107,14.39,2022-01-28,19:17:43
1161,182,202,[1 2 3 4 5 6 7 8 9],600,464,184,33.33,2022-01-28,19:17:43
1162,442,202,[ 1  2  3  4  5  6  7  8  9 10],599,374,141,11.36,2022-01-28,19:17:43
1163,34,202,[ 1  2  3  4  5  6  7  8  9 10 11 12],1834,260,95,14.92,2022-01-28,19:17:43
1164,20,202,[1 2 3 4 5 6 7 8 9],2858,116,150,1118.11,2022-01-28,19:17:43
1165,176,203,[1 2 3 4 5],1584,234,209,31.02,2022-01-28,19:17:43
1166,484,203,[1 2 3 4],1186,347,161,1465.15,2022-01-28,19:17:43
1167,387,203,[1 2 3],2261,460,21,510.04,2022-01-28,19:17:43
1168,17,203,[1 2 3],2585,69,18,9.0,2022-01-28,19:17:43
1169,200,203,[1 2 3 4 5 6 7 8 9],1690,67,235,13.69,2022-01-28,19:17:43
1170,98,203,[ 1  2  3  4  5  6  7  8  9 10],665,96,213,29.09,2022-01-28,19:17:43
1171,480,203,[ 1  2  3  4  5  6  7  8  9 10 11 12],3004,205,51,19.84,2022-01-28,19:17:43
1172,496,203,[1 2 3 4 5 6 7 8 9],2630,488,1,176.82,2022-01-28,19:17:43
1173,123,204,[1 2 3 4 5],1383,489,106,12.96,2022-01-28,19:17:43
1174,8,204,[1 2 3 4],1258,486,108,250.02,2022-01-28,19:17:43
1175,235,204,[1 2 3],1244,106,51,24.95,2022-01-28,19:17:43
1176,482,204,[1 2 3],663,58,47,6.72,2022-01-28,19:17:43
1177,269,204,[1 2 3 4 5 6 7 8 9],3512,198,77,20.41,2022-01-28,19:17:43
1178,370,204,[ 1  2  3  4  5  6  7  8  9 10],41,385,235,13.47,2022-01-28,19:17:43
1179,358,204,[ 1  2  3  4  5  6  7  8  9 10 11 12],634,122,126,22.92,2022-01-28,19:17:43
1180,290,204,[1 2 3 4 5 6 7 8 9],2932,157,173,335.59,2022-01-28,19:17:43
1181,257,205,[1 2 3 4 5],143,40,115,19.24,2022-01-28,19:17:43
1182,213,205,[1 2 3 4],2696,472,217,128.14,2022-01-28,19:17:43
1183,2,205,[1 2 3],867,372,113,12.33,2022-01-28,19:17:43
1184,150,205,[1 2 3],1899,311,21,19.97,2022-01-28,19:17:43
1185,366,205,[1 2 3 4 5 6 7 8 9],678,465,150,14.06,2022-01-28,19:17:43
1186,195,205,[ 1  2  3  4  5  6  7  8  9 10],1714,356,243,478.14,2022-01-28,19:17:43
1187,122,205,[ 1  2  3  4  5  6  7  8  9 10 11 12],1043,368,12,129.98,2022-01-28,19:17:43
1188,422,205,[1 2 3 4 5 6 7 8 9],2618,386,201,204.49,2022-01-28,19:17:43
1189,346,206,[1 2 3 4 5],1036,482,172,21.86,2022-01-28,19:17:43
1190,255,206,[1 2 3 4],1536,346,5,426.77,2022-01-28,19:17:43
1191,430,206,[1 2 3],393,314,82,18.02,2022-01-28,19:17:43
1192,183,206,[1 2 3],1030,155,151,45.4,2022-01-28,19:17:43
1193,57,206,[1 2 3 4 5 6 7 8 9],672,298,25,846.89,2022-01-28,19:17:43
1194,95,206,[ 1  2  3  4  5  6  7  8  9 10],2430,50,163,18.75,2022-01-28,19:17:43
1195,350,206,[ 1  2  3  4  5  6  7  8  9 10 11 12],1348,447,200,99.27,2022-01-28,19:17:43
1196,91,206,[1 2 3 4 5 6 7 8 9],1554,372,126,29.76,2022-01-28,19:17:43
1197,24,207,[1],1688,387,25,31.72,2002-03-18,21:51:39
1198,486,207,[1],2657,1,198,26.14,2002-03-18,21:51:39
1199,413,207,[1 2 3 4 5 6 7 8],319,35,122,11.66,2002-03-18,21:51:39
1200,167,208,[1],1359,189,219,7.05,2002-03-18,21:51:39
1201,40,208,[1],742,42,147,13.52,2002-03-18,21:51:39
1202,424,208,[1 2 3 4 5 6 7 8],177,22,157,10.23,2002-03-18,21:51:39
1203,300,209,[1],1485,78,168,12.43,2002-03-18,21:51:39
1204,161,209,[1],2678,161,31,22.08,2002-03-18,21:51:39
1205,275,209,[1 2 3 4 5 6 7 8],3772,222,96,9.36,2002-03-18,21:51:39
1206,463,210,[ 1  2  3  4  5  6  7  8  9 10],635,208,143,82.0,2010-01-07,14:15:22
1207,220,210,[1 2],815,462,202,22.17,2010-01-07,14:15:22
1208,95,210,[1 2 3 4 5 6 7 8],2448,465,202,83.43,2010-01-07,14:15:22
1209,342,211,[ 1  2  3  4  5  6  7  8  9 10],1253,196,108,17.08,2010-01-07,14:15:22
1210,83,211,[1 2],1869,495,77,26.35,2010-01-07,14:15:22
1211,215,211,[1 2 3 4 5 6 7 8],95,288,59,12.21,2010-01-07,14:15:22
1212,84,212,[ 1  2  3  4  5  6  7  8  9 10],1124,183,133,31.43,2010-01-07,14:15:22
1213,173,212,[1 2],335,314,64,9.16,2010-01-07,14:15:22
1214,159,212,[1 2 3 4 5 6 7 8],1478,440,231,9.91,2010-01-07,14:15:22
1215,481,213,[ 1  2  3  4  5  6  7  8  9 10 11],2447,238,52,477.43,2013-02-18,23:05:14
1216,468,213,[ 1  2  3  4  5  6  7  8  9 10 11 12],2953,466,17,62.78,2013-02-18,23:05:14
1217,201,213,[1 2 3],428,310,115,8.54,2013-02-18,23:05:14
1218,125,213,[1 2 3 4 5 6 7 8 9],3051,279,49,9.19,2013-02-18,23:05:14
1219,397,214,[ 1  2  3  4  5  6  7  8  9 10 11],907,186,161,531.26,2013-02-18,23:05:14
1220,281,214,[ 1  2  3  4  5  6  7  8  9 10 11 12],3247,280,92,1038.86,2013-02-18,23:05:14
1221,367,214,[1 2 3],3111,308,124,26.65,2013-02-18,23:05:14
1222,494,214,[1 2 3 4 5 6 7 8 9],2218,74,26,217.19,2013-02-18,23:05:14
1223,78,215,[ 1  2  3  4  5  6  7  8  9 10 11],853,245,219,271.0,2013-02-18,23:05:14
1224,322,215,[ 1  2  3  4  5  6  7  8  9 10 11 12],3428,94,50,144.93,2013-02-18,23:05:14
1225,472,215,[1 2 3],2696,305,104,117.48,2013-02-18,23:05:14
1226,211,215,[1 2 3 4 5 6 7 8 9],1852,284,4,23.47,2013-02-18,23:05:14
1227,239,216,[ 1  2  3  4  5  6  7  8  9 10 11],1998,91,136,16.62,2013-02-18,23:05:14
1228,436,216,[ 1  2  3  4  5  6  7  8  9 10 11 12],1821,339,94,12.93,2013-02-18,23:05:14
1229,287,216,[1 2 3],3581,23,161,106.01,2013-02-18,23:05:14
1230,337,216,[1 2 3 4 5 6 7 8 9],2212,497,98,426.72,2013-02-18,23:05:14
1231,230,217,[1 2 3 4 5 6],172,437,99,531.24,2008-12-04,17:41:51
1232,212,218,[1 2 3 4],804,15,159,1042.85,2007-06-15,03:34:53
1233,397,218,[1 2 3 4 5 6 7 8 9],986,3,108,7.36,2007-06-15,03:34:53
1234,46,218,[ 1  2  3  4  5  6  7  8  9 10],1506,27,185,11.86,2007-06-15,03:34:53
1235,92,218,[1 2 3 4 5 6 7 8],2902,206,52,19.6,2007-06-15,03:34:53
1236,384,219,[1 2 3 4],892,27,39,11.47,2007-06-15,03:34:53
1237,187,219,[1 2 3 4 5 6 7 8 9],843,375,100,55.53,2007-06-15,03:34:53
1238,449,219,[ 1  2  3  4  5  6  7  8  9 10],2473,311,174,18.68,2007-06-15,03:34:53
1239,0,219,[1 2 3 4 5 6 7 8],2163,104,26,596.78,2007-06-15,03:34:53
1240,403,220,[1 2 3 4],357,14,47,12.7,2007-06-15,03:34:53
1241,242,220,[1 2 3 4 5 6 7 8 9],505,451,34,14.97,2007-06-15,03:34:53
1242,493,220,[ 1  2  3  4  5  6  7  8  9 10],2605,105,81,264.58,2007-06-15,03:34:53
1243,490,220,[1 2 3 4 5 6 7 8],3707,158,250,47.89,2007-06-15,03:34:53
1244,417,221,[1 2 3 4],44,302,182,24.17,2007-06-15,03:34:53
1245,121,221,[1 2 3 4 5 6 7 8 9],847,312,215,9.61,2007-06-15,03:34:53
1246,460,221,[ 1  2  3  4  5  6  7  8  9 10],12,117,191,17.32,2007-06-15,03:34:53
1247,22,221,[1 2 3 4 5 6 7 8],2454,391,65,10.0,2007-06-15,03:34:53
1248,262,222,[1 2 3 4 5],2537,357,176,65.28,2017-08-16,16:18:34
1249,408,222,[1 2 3 4 5 6 7],2632,243,44,26.44,2017-08-16,16:18:34
1250,349,222,[1],1179,376,34,8.1,2017-08-16,16:18:34
1251,184,223,[1 2 3 4 5],391,324,186,41.85,2017-08-16,16:18:34
1252,493,223,[1 2 3 4 5 6 7],3191,9,129,44.44,2017-08-16,16:18:34
1253,431,223,[1],1304,249,13,9.01,2017-08-16,16:18:34
1254,397,224,[1 2 3 4 5],3718,206,230,103.65,2017-08-16,16:18:34
1255,1,224,[1 2 3 4 5 6 7],3799,320,18,94.32,2017-08-16,16:18:34
1256,39,224,[1],3438,397,228,1023.84,2017-08-16,16:18:34
1257,43,225,[1 2 3 4],2588,319,27,20.65,2004-04-14,23:59:38
1258,483,226,[1 2 3],3496,267,39,62.69,2017-10-24,16:51:11
1259,493,226,[1],2692,260,129,8.53,2017-10-24,16:51:11
1260,69,226,[1 2],1060,490,190,29.28,2017-10-24,16:51:11
1261,93,227,[1 2 3],243,405,42,16.29,2017-10-24,16:51:11
1262,235,227,[1],2552,368,43,5.52,2017-10-24,16:51:11
1263,310,227,[1 2],2062,223,93,13.23,2017-10-24,16:51:11
1264,498,228,[1 2 3],3362,76,118,51.81,2017-10-24,16:51:11
1265,257,228,[1],2207,148,98,18.58,2017-10-24,16:51:11
1266,275,228,[1 2],2837,66,11,15.48,2017-10-24,16:51:11
1267,237,229,[ 1  2  3  4  5  6  7  8  9 10],498,146,245,55.81,2017-08-24,12:42:30
1268,349,229,[ 1  2  3  4  5  6  7  8  9 10],2302,476,133,63.51,2017-08-24,12:42:30
1269,310,229,[1 2 3],2256,138,183,287.32,2017-08-24,12:42:30
1270,212,229,[1 2 3 4],1084,233,195,12.33,2017-08-24,12:42:30
1271,210,229,[ 1  2  3  4  5  6  7  8  9 10 11],3150,136,16,84.47,2017-08-24,12:42:30
1272,160,229,[ 1  2  3  4  5  6  7  8  9 10],3209,168,229,23.88,2017-08-24,12:42:30
1273,89,229,[1 2 3 4 5 6],1935,475,196,10.7,2017-08-24,12:42:30
1274,414,230,[ 1  2  3  4  5  6  7  8  9 10],513,466,185,17.13,2017-08-24,12:42:30
1275,410,230,[ 1  2  3  4  5  6  7  8  9 10],3216,307,100,74.77,2017-08-24,12:42:30
1276,452,230,[1 2 3],3584,469,17,42.42,2017-08-24,12:42:30
1277,419,230,[1 2 3 4],2204,88,242,404.24,2017-08-24,12:42:30
1278,103,230,[ 1  2  3  4  5  6  7  8  9 10 11],2768,332,4,33.44,2017-08-24,12:42:30
1279,361,230,[ 1  2  3  4  5  6  7  8  9 10],260,424,200,16.91,2017-08-24,12:42:30
1280,28,230,[1 2 3 4 5 6],2339,423,108,482.94,2017-08-24,12:42:30
1281,225,231,[ 1  2  3  4  5  6  7  8  9 10],1532,88,53,37.67,2017-08-24,12:42:30
1282,23,231,[ 1  2  3  4  5  6  7  8  9 10],3177,196,45,46.14,2017-08-24,12:42:30
1283,458,231,[1 2 3],2249,309,73,38.2,2017-08-24,12:42:30
1284,109,231,[1 2 3 4],2975,490,228,18.43,2017-08-24,12:42:30
1285,352,231,[ 1  2  3  4  5  6  7  8  9 10 11],2658,101,106,32.81,2017-08-24,12:42:30
1286,250,231,[ 1  2  3  4  5  6  7  8  9 10],17,457,191,124.9,2017-08-24,12:42:30
1287,332,231,[1 2 3 4 5 6],2433,88,99,30.49,2017-08-24,12:42:30
1288,254,232,[ 1  2  3  4  5  6  7  8  9 10],3680,236,86,45.0,2017-08-24,12:42:30
1289,414,232,[ 1  2  3  4  5  6  7  8  9 10],663,464,105,8.75,2017-08-24,12:42:30
1290,441,232,[1 2 3],749,474,143,50.58,2017-08-24,12:42:30
1291,422,232,[1 2 3 4],1974,178,62,11.31,2017-08-24,12:42:30
1292,45,232,[ 1  2  3  4  5  6  7  8  9 10 11],1125,104,46,67.91,2017-08-24,12:42:30
1293,267,232,[ 1  2  3  4  5  6  7  8  9 10],750,194,238,20.46,2017-08-24,12:42:30
1294,158,232,[1 2 3 4 5 6],768,54,117,23.4,2017-08-24,12:42:30
1295,401,233,[ 1  2  3  4  5  6  7  8  9 10],406,198,38,63.82,2017-08-24,12:42:30
1296,171,233,[ 1  2  3  4  5  6  7  8  9 10],1241,407,119,29.98,2017-08-24,12:42:30
1297,114,233,[1 2 3],960,28,55,30.25,2017-08-24,12:42:30
1298,42,233,[1 2 3 4],1271,1,106,149.21,2017-08-24,12:42:30
1299,79,233,[ 1  2  3  4  5  6  7  8  9 10 11],1796,324,176,9.24,2017-08-24,12:42:30
1300,272,233,[ 1  2  3  4  5  6  7  8  9 10],2287,382,106,804.49,2017-08-24,12:42:30
1301,74,233,[1 2 3 4 5 6],1727,340,52,15.26,2017-08-24,12:42:30
1302,422,234,[ 1  2  3  4  5  6  7  8  9 10],1804,497,220,11.34,2017-08-24,12:42:30
1303,314,234,[ 1  2  3  4  5  6  7  8  9 10],733,82,88,41.32,2017-08-24,12:42:30
1304,492,234,[1 2 3],582,480,15,60.16,2017-08-24,12:42:30
1305,34,234,[1 2 3 4],3596,163,139,13.89,2017-08-24,12:42:30
1306,166,234,[ 1  2  3  4  5  6  7  8  9 10 11],988,456,213,30.1,2017-08-24,12:42:30
1307,421,234,[ 1  2  3  4  5  6  7  8  9 10],1172,115,71,5.28,2017-08-24,12:42:30
1308,450,234,[1 2 3 4 5 6],3780,277,85,67.33,2017-08-24,12:42:30
1309,284,235,[ 1  2  3  4  5  6  7  8  9 10],2838,389,163,17.28,2017-08-24,12:42:30
1310,304,235,[ 1  2  3  4  5  6  7  8  9 10],1515,63,109,35.79,2017-08-24,12:42:30
1311,209,235,[1 2 3],148,391,227,1476.8,2017-08-24,12:42:30
1312,120,235,[1 2 3 4],3251,267,249,8.05,2017-08-24,12:42:30
1313,245,235,[ 1  2  3  4  5  6  7  8  9 10 11],3177,354,104,38.07,2017-08-24,12:42:30
1314,369,235,[ 1  2  3  4  5  6  7  8  9 10],3419,201,163,530.39,2017-08-24,12:42:30
1315,458,235,[1 2 3 4 5 6],2853,408,170,17.06,2017-08-24,12:42:30
1316,348,236,[ 1  2  3  4  5  6  7  8  9 10],2885,163,83,12.81,2018-06-05,01:59:28
1317,283,236,[ 1  2  3  4  5  6  7  8  9 10 11 12],392,353,205,11.51,2018-06-05,01:59:28
1318,263,236,[1 2 3 4 5 6],3672,46,54,293.47,2018-06-05,01:59:28
1319,323,237,[ 1  2  3  4  5  6  7  8  9 10],293,427,17,808.01,2018-06-05,01:59:28
1320,117,237,[ 1  2  3  4  5  6  7  8  9 10 11 12],3065,155,126,19.54,2018-06-05,01:59:28
1321,95,237,[1 2 3 4 5 6],3410,215,211,14.47,2018-06-05,01:59:28
1322,459,238,[ 1  2  3  4  5  6  7  8  9 10],1365,347,188,59.23,2018-06-05,01:59:28
1323,13,238,[ 1  2  3  4  5  6  7  8  9 10 11 12],2081,150,197,16.03,2018-06-05,01:59:28
1324,8,238,[1 2 3 4 5 6],2494,82,223,165.35,2018-06-05,01:59:28
1325,335,239,[1],1847,316,221,11.95,2011-02-23,15:48:44
1326,427,239,[1 2 3 4 5],300,351,197,12.38,2011-02-23,15:48:44
1327,17,239,[1 2 3 4 5 6 7],2255,163,57,228.41,2011-02-23,15:48:44
1328,333,240,[1],115,19,44,10.88,2011-02-23,15:48:44
1329,125,240,[1 2 3 4 5],575,433,82,5.02,2011-02-23,15:48:44
1330,409,240,[1 2 3 4 5 6 7],424,212,27,11.71,2011-02-23,15:48:44
1331,232,241,[1],2222,163,84,147.95,2011-02-23,15:48:44
1332,269,241,[1 2 3 4 5],2049,73,21,9.88,2011-02-23,15:48:44
1333,338,241,[1 2 3 4 5 6 7],2616,489,172,18.2,2011-02-23,15:48:44
1334,431,242,[1 2 3 4 5],3334,390,88,9.22,2018-04-30,15:08:02
1335,178,242,[1 2 3],1878,358,170,8.23,2018-04-30,15:08:02
1336,468,242,[ 1  2  3  4  5  6  7  8  9 10 11],1780,353,38,174.77,2018-04-30,15:08:02
1337,242,242,[1 2 3 4 5 6 7 8],1128,246,242,15.39,2018-04-30,15:08:02
1338,65,243,[1 2 3 4 5],3116,427,43,18.34,2018-04-30,15:08:02
1339,11,243,[1 2 3],1132,489,70,1281.46,2018-04-30,15:08:02
1340,274,243,[ 1  2  3  4  5  6  7  8  9 10 11],496,86,45,12.37,2018-04-30,15:08:02
1341,175,243,[1 2 3 4 5 6 7 8],1339,170,149,44.62,2018-04-30,15:08:02
1342,296,244,[1 2 3 4 5],393,116,44,14.44,2018-04-30,15:08:02
1343,435,244,[1 2 3],1609,88,171,15.3,2018-04-30,15:08:02
1344,247,244,[ 1  2  3  4  5  6  7  8  9 10 11],2902,82,221,19.25,2018-04-30,15:08:02
1345,48,244,[1 2 3 4 5 6 7 8],2802,106,53,320.03,2018-04-30,15:08:02
1346,143,245,[1 2 3 4 5],364,8,233,6.87,2018-04-30,15:08:02
1347,191,245,[1 2 3],921,77,222,15.94,2018-04-30,15:08:02
1348,67,245,[ 1  2  3  4  5  6  7  8  9 10 11],37,24,243,9.65,2018-04-30,15:08:02
1349,213,245,[1 2 3 4 5 6 7 8],23,495,226,18.05,2018-04-30,15:08:02
1350,163,246,[1 2 3 4 5 6 7 8],3508,326,8,8.29,2020-07-17,22:48:57
1351,95,246,[1 2 3 4 5 6 7],1268,183,125,64.44,2020-07-17,22:48:57
1352,353,246,[1],31,294,178,63.91,2020-07-17,22:48:57
1353,124,246,[1],610,322,165,95.89,2020-07-17,22:48:57
1354,236,246,[1 2 3 4 5 6 7 8],2822,397,240,40.5,2020-07-17,22:48:57
1355,249,246,[1 2 3 4 5 6 7 8 9],673,434,247,111.78,2020-07-17,22:48:57
1356,125,247,[1 2 3 4 5 6 7 8],1234,150,200,1425.99,2020-07-17,22:48:57
1357,17,247,[1 2 3 4 5 6 7],3145,24,81,23.08,2020-07-17,22:48:57
1358,368,247,[1],1236,172,192,20.81,2020-07-17,22:48:57
1359,395,247,[1],41,385,165,13.47,2020-07-17,22:48:57
1360,368,247,[1 2 3 4 5 6 7 8],2023,424,27,23.56,2020-07-17,22:48:57
1361,443,247,[1 2 3 4 5 6 7 8 9],113,366,224,8.77,2020-07-17,22:48:57
1362,467,248,[1 2 3 4 5 6 7 8],2502,401,244,10.44,2020-07-17,22:48:57
1363,322,248,[1 2 3 4 5 6 7],1061,380,145,1063.65,2020-07-17,22:48:57
1364,423,248,[1],2397,355,187,185.43,2020-07-17,22:48:57
1365,415,248,[1],1154,21,88,170.36,2020-07-17,22:48:57
1366,374,248,[1 2 3 4 5 6 7 8],2486,269,235,11.65,2020-07-17,22:48:57
1367,486,248,[1 2 3 4 5 6 7 8 9],1049,342,110,2299.64,2020-07-17,22:48:57
1368,188,249,[1 2 3 4 5 6 7 8],2554,359,3,33.47,2020-07-17,22:48:57
1369,418,249,[1 2 3 4 5 6 7],1993,79,35,15.16,2020-07-17,22:48:57
1370,454,249,[1],209,261,51,35.42,2020-07-17,22:48:57
1371,50,249,[1],2658,101,118,32.81,2020-07-17,22:48:57
1372,441,249,[1 2 3 4 5 6 7 8],3728,236,45,14.92,2020-07-17,22:48:57
1373,295,249,[1 2 3 4 5 6 7 8 9],1138,163,238,30.87,2020-07-17,22:48:57
1374,420,250,[1 2 3 4 5 6 7 8],1481,90,235,6.38,2020-07-17,22:48:57
1375,316,250,[1 2 3 4 5 6 7],2458,120,109,22.42,2020-07-17,22:48:57
1376,211,250,[1],3441,291,106,182.74,2020-07-17,22:48:57
1377,114,250,[1],1466,27,195,17.57,2020-07-17,22:48:57
1378,307,250,[1 2 3 4 5 6 7 8],2693,123,116,32.23,2020-07-17,22:48:57
1379,354,250,[1 2 3 4 5 6 7 8 9],3397,443,57,155.45,2020-07-17,22:48:57
1380,11,251,[1 2 3 4 5 6 7 8],2353,352,169,1418.95,2020-07-17,22:48:57
1381,193,251,[1 2 3 4 5 6 7],3810,119,174,8.28,2020-07-17,22:48:57
1382,236,251,[1],1953,205,170,8.15,2020-07-17,22:48:57
1383,100,251,[1],2914,495,110,368.93,2020-07-17,22:48:57
1384,6,251,[1 2 3 4 5 6 7 8],50,489,112,851.07,2020-07-17,22:48:57
1385,246,251,[1 2 3 4 5 6 7 8 9],577,157,237,39.94,2020-07-17,22:48:57
1386,158,252,[1 2 3 4 5 6 7],879,239,84,60.78,2001-10-25,17:39:46
1387,340,252,[1 2 3],1354,218,127,143.55,2001-10-25,17:39:46
1388,232,252,[1 2],1664,39,151,15.91,2001-10-25,17:39:46
1389,251,252,[1 2 3],854,255,56,25.04,2001-10-25,17:39:46
1390,306,253,[1 2 3 4 5 6 7],2932,351,35,349.09,2001-10-25,17:39:46
1391,473,253,[1 2 3],1964,238,69,32.47,2001-10-25,17:39:46
1392,318,253,[1 2],1827,388,152,7.69,2001-10-25,17:39:46
1393,442,253,[1 2 3],3296,177,30,243.93,2001-10-25,17:39:46
1394,404,254,[1 2 3 4 5 6 7],3697,147,122,1158.69,2001-10-25,17:39:46
1395,356,254,[1 2 3],14,312,227,31.11,2001-10-25,17:39:46
1396,114,254,[1 2],1405,119,209,6.16,2001-10-25,17:39:46
1397,383,254,[1 2 3],2381,46,242,177.38,2001-10-25,17:39:46
1398,18,255,[1 2 3 4 5 6 7],2802,152,204,303.98,2001-10-25,17:39:46
1399,96,255,[1 2 3],3312,331,129,134.49,2001-10-25,17:39:46
1400,442,255,[1 2],2583,21,197,16.11,2001-10-25,17:39:46
1401,364,255,[1 2 3],89,153,145,15.01,2001-10-25,17:39:46
1402,33,256,[1 2],3112,256,10,22.31,2012-02-02,02:37:59
1403,232,256,[1 2 3 4 5 6 7 8],1250,113,44,27.16,2012-02-02,02:37:59
1404,77,256,[1 2 3 4 5 6],3381,122,33,72.83,2012-02-02,02:37:59
1405,418,256,[1 2 3],644,411,113,730.36,2012-02-02,02:37:59
1406,38,257,[1 2],2082,422,197,27.4,2012-02-02,02:37:59
1407,9,257,[1 2 3 4 5 6 7 8],867,372,245,12.33,2012-02-02,02:37:59
1408,367,257,[1 2 3 4 5 6],3172,365,3,48.39,2012-02-02,02:37:59
1409,400,257,[1 2 3],3003,303,248,23.77,2012-02-02,02:37:59
1410,40,258,[1 2],2297,183,10,391.94,2012-02-02,02:37:59
1411,133,258,[1 2 3 4 5 6 7 8],609,293,129,47.05,2012-02-02,02:37:59
1412,330,258,[1 2 3 4 5 6],1436,331,39,8.05,2012-02-02,02:37:59
1413,7,258,[1 2 3],2922,300,50,62.08,2012-02-02,02:37:59
1414,214,259,[1 2],1654,424,130,5.82,2012-02-02,02:37:59
1415,400,259,[1 2 3 4 5 6 7 8],283,73,248,10.55,2012-02-02,02:37:59
1416,116,259,[1 2 3 4 5 6],3359,326,221,19.74,2012-02-02,02:37:59
1417,3,259,[1 2 3],3224,406,214,44.78,2012-02-02,02:37:59
1418,461,260,[ 1  2  3  4  5  6  7  8  9 10 11],433,262,5,192.09,2015-08-05,03:29:16
1419,176,260,[ 1  2  3  4  5  6  7  8  9 10],1148,455,91,32.84,2015-08-05,03:29:16
1420,320,260,[1 2 3],3410,441,17,14.58,2015-08-05,03:29:16
1421,13,260,[1 2 3 4 5 6 7 8 9],2813,110,89,17.04,2015-08-05,03:29:16
1422,318,260,[1 2 3],2084,96,96,16.56,2015-08-05,03:29:16
1423,439,260,[ 1  2  3  4  5  6  7  8  9 10 11 12],1569,222,63,433.44,2015-08-05,03:29:16
1424,219,260,[ 1  2  3  4  5  6  7  8  9 10 11],2052,242,248,13.78,2015-08-05,03:29:16
1425,432,261,[ 1  2  3  4  5  6  7  8  9 10 11],1785,369,192,11.65,2015-08-05,03:29:16
1426,430,261,[ 1  2  3  4  5  6  7  8  9 10],2136,444,171,420.15,2015-08-05,03:29:16
1427,445,261,[1 2 3],2286,112,45,115.96,2015-08-05,03:29:16
1428,72,261,[1 2 3 4 5 6 7 8 9],1810,491,37,494.75,2015-08-05,03:29:16
1429,470,261,[1 2 3],3058,319,182,53.78,2015-08-05,03:29:16
1430,247,261,[ 1  2  3  4  5  6  7  8  9 10 11 12],1335,266,165,24.2,2015-08-05,03:29:16
1431,197,261,[ 1  2  3  4  5  6  7  8  9 10 11],1906,428,56,8.81,2015-08-05,03:29:16
1432,296,262,[ 1  2  3  4  5  6  7  8  9 10 11],618,434,212,21.14,2015-08-05,03:29:16
1433,282,262,[ 1  2  3  4  5  6  7  8  9 10],2848,259,145,20.55,2015-08-05,03:29:16
1434,479,262,[1 2 3],1261,347,74,20.56,2015-08-05,03:29:16
1435,236,262,[1 2 3 4 5 6 7 8 9],1895,125,195,14.16,2015-08-05,03:29:16
1436,196,262,[1 2 3],1677,399,39,157.05,2015-08-05,03:29:16
1437,353,262,[ 1  2  3  4  5  6  7  8  9 10 11 12],3074,97,123,33.6,2015-08-05,03:29:16
1438,63,262,[ 1  2  3  4  5  6  7  8  9 10 11],682,469,181,13.44,2015-08-05,03:29:16
1439,147,263,[ 1  2  3  4  5  6  7  8  9 10 11],2913,193,36,13.87,2015-08-05,03:29:16
1440,299,263,[ 1  2  3  4  5  6  7  8  9 10],862,468,224,1266.25,2015-08-05,03:29:16
1441,83,263,[1 2 3],713,334,179,46.93,2015-08-05,03:29:16
1442,458,263,[1 2 3 4 5 6 7 8 9],72,404,83,77.02,2015-08-05,03:29:16
1443,354,263,[1 2 3],1606,277,3,12.47,2015-08-05,03:29:16
1444,213,263,[ 1  2  3  4  5  6  7  8  9 10 11 12],3687,354,28,18.75,2015-08-05,03:29:16
1445,7,263,[ 1  2  3  4  5  6  7  8  9 10 11],1838,230,19,10.1,2015-08-05,03:29:16
1446,456,264,[ 1  2  3  4  5  6  7  8  9 10 11],3598,477,216,16.38,2015-08-05,03:29:16
1447,285,264,[ 1  2  3  4  5  6  7  8  9 10],1714,211,44,520.88,2015-08-05,03:29:16
1448,100,264,[1 2 3],84,45,2,10.71,2015-08-05,03:29:16
1449,125,264,[1 2 3 4 5 6 7 8 9],3080,132,193,11.61,2015-08-05,03:29:16
1450,222,264,[1 2 3],157,219,79,6.51,2015-08-05,03:29:16
1451,43,264,[ 1  2  3  4  5  6  7  8  9 10 11 12],992,197,114,12.78,2015-08-05,03:29:16
1452,235,264,[ 1  2  3  4  5  6  7  8  9 10 11],3579,0,23,9.55,2015-08-05,03:29:16
1453,469,265,[ 1  2  3  4  5  6  7  8  9 10 11],2826,73,174,10.35,2015-08-05,03:29:16
1454,420,265,[ 1  2  3  4  5  6  7  8  9 10],1267,160,53,27.32,2015-08-05,03:29:16
1455,0,265,[1 2 3],1476,29,216,10.53,2015-08-05,03:29:16
1456,104,265,[1 2 3 4 5 6 7 8 9],967,396,109,23.52,2015-08-05,03:29:16
1457,213,265,[1 2 3],3329,108,146,14.49,2015-08-05,03:29:16
1458,63,265,[ 1  2  3  4  5  6  7  8  9 10 11 12],1387,113,31,43.63,2015-08-05,03:29:16
1459,116,265,[ 1  2  3  4  5  6  7  8  9 10 11],3032,293,135,32.46,2015-08-05,03:29:16
1460,281,266,[ 1  2  3  4  5  6  7  8  9 10 11],3153,143,63,44.26,2015-08-05,03:29:16
1461,136,266,[ 1  2  3  4  5  6  7  8  9 10],2455,461,101,10.6,2015-08-05,03:29:16
1462,420,266,[1 2 3],2403,360,15,524.77,2015-08-05,03:29:16
1463,401,266,[1 2 3 4 5 6 7 8 9],268,12,174,13.35,2015-08-05,03:29:16
1464,468,266,[1 2 3],764,304,207,64.69,2015-08-05,03:29:16
1465,228,266,[ 1  2  3  4  5  6  7  8  9 10 11 12],2915,472,102,10.72,2015-08-05,03:29:16
1466,211,266,[ 1  2  3  4  5  6  7  8  9 10 11],1005,163,218,9.7,2015-08-05,03:29:16
1467,23,267,[ 1  2  3  4  5  6  7  8  9 10 11 12],2240,80,194,107.6,2002-03-31,19:25:19
1468,2,267,[1 2 3 4 5 6 7],2524,34,164,10.33,2002-03-31,19:25:19
1469,325,267,[ 1  2  3  4  5  6  7  8  9 10 11],2554,249,153,30.59,2002-03-31,19:25:19
1470,98,267,[1],3506,251,74,16.76,2002-03-31,19:25:19
