,Buyer_ID,Personal_Order_Number,Personal_Purchase_Number,Product_ID,Seller_ID,Quantity,Price,Fullfill_Date,Sell_Time
0,487,0,[1 2 3 4 5 6 7 8 9],3780,322,119,65.14,2012-03-24,01:10:17
1,457,0,[1 2 3 4 5],3052,18,19,25.58,2012-03-24,01:10:17
2,267,0,[1 2],3119,290,245,23.29,2012-03-24,01:10:17
3,306,0,[ 1  2  3  4  5  6  7  8  9 10 11],2003,148,160,35.48,2012-03-24,01:10:17
4,44,0,[ 1  2  3  4  5  6  7  8  9 10 11],1019,195,85,12.51,2012-03-24,01:10:17
5,472,1,[1 2 3 4 5 6 7 8 9],1822,213,127,14.24,2012-03-24,01:10:17
6,5,1,[1 2 3 4 5],2644,214,74,25.85,2012-03-24,01:10:17
7,131,1,[1 2],3458,72,224,7.72,2012-03-24,01:10:17
8,403,1,[ 1  2  3  4  5  6  7  8  9 10 11],3100,322,219,37.29,2012-03-24,01:10:17
9,386,1,[ 1  2  3  4  5  6  7  8  9 10 11],746,133,56,78.4,2012-03-24,01:10:17
10,256,2,[1 2 3 4 5 6 7 8 9],2228,143,168,93.47,2012-03-24,01:10:17
11,153,2,[1 2 3 4 5],959,336,218,1767.13,2012-03-24,01:10:17
12,71,2,[1 2],1190,340,212,15.01,2012-03-24,01:10:17
13,447,2,[ 1  2  3  4  5  6  7  8  9 10 11],3390,311,164,213.63,2012-03-24,01:10:17
14,7,2,[ 1  2  3  4  5  6  7  8  9 10 11],2638,409,127,18.18,2012-03-24,01:10:17
15,239,3,[1 2 3 4 5 6 7 8 9],1794,449,159,76.1,2012-03-24,01:10:17
16,132,3,[1 2 3 4 5],2368,138,10,60.1,2012-03-24,01:10:17
17,247,3,[1 2],804,464,86,1224.05,2012-03-24,01:10:17
18,231,3,[ 1  2  3  4  5  6  7  8  9 10 11],3104,427,45,8.49,2012-03-24,01:10:17
19,222,3,[ 1  2  3  4  5  6  7  8  9 10 11],669,30,158,332.54,2012-03-24,01:10:17
20,97,4,[1 2 3 4 5 6 7 8 9],1591,469,100,22.24,2012-03-24,01:10:17
21,455,4,[1 2 3 4 5],2404,33,5,198.21,2012-03-24,01:10:17
22,105,4,[1 2],3744,222,171,32.77,2012-03-24,01:10:17
23,216,4,[ 1  2  3  4  5  6  7  8  9 10 11],2937,2,124,18.72,2012-03-24,01:10:17
24,371,4,[ 1  2  3  4  5  6  7  8  9 10 11],2457,477,176,1134.23,2012-03-24,01:10:17
25,201,5,[1 2 3 4 5 6 7],3738,288,215,28.7,2009-05-12,06:45:05
26,243,5,[1 2 3 4 5 6 7 8],3336,143,159,47.88,2009-05-12,06:45:05
27,55,5,[1 2 3 4 5 6 7 8 9],3307,367,240,86.66,2009-05-12,06:45:05
28,43,5,[1 2 3 4],2288,344,146,49.23,2009-05-12,06:45:05
29,241,6,[1 2 3 4 5 6 7],3704,256,93,22.11,2009-05-12,06:45:05
30,240,6,[1 2 3 4 5 6 7 8],1626,236,136,4.92,2009-05-12,06:45:05
31,153,6,[1 2 3 4 5 6 7 8 9],2969,104,122,113.24,2009-05-12,06:45:05
32,445,6,[1 2 3 4],1394,278,198,15.22,2009-05-12,06:45:05
33,155,7,[1 2 3 4 5 6 7],2306,453,21,984.22,2009-05-12,06:45:05
34,475,7,[1 2 3 4 5 6 7 8],1645,30,119,13.99,2009-05-12,06:45:05
35,270,7,[1 2 3 4 5 6 7 8 9],3099,389,95,45.72,2009-05-12,06:45:05
36,475,7,[1 2 3 4],2920,245,138,9.36,2009-05-12,06:45:05
37,424,8,[1 2 3 4 5 6 7],1947,175,160,11.79,2009-05-12,06:45:05
38,371,8,[1 2 3 4 5 6 7 8],1535,360,246,18.28,2009-05-12,06:45:05
39,254,8,[1 2 3 4 5 6 7 8 9],3192,172,239,41.73,2009-05-12,06:45:05
40,294,8,[1 2 3 4],678,68,136,17.79,2009-05-12,06:45:05
41,296,9,[1 2],1892,389,175,59.59,2013-09-03,06:52:14
42,307,9,[1 2],1482,495,42,10.78,2013-09-03,06:52:14
43,410,9,[1 2 3 4 5],1793,59,76,16.91,2013-09-03,06:52:14
44,274,9,[1 2 3 4 5 6 7 8],2148,37,68,544.38,2013-09-03,06:52:14
45,289,9,[ 1  2  3  4  5  6  7  8  9 10],1370,43,248,32.93,2013-09-03,06:52:14
46,172,9,[1 2 3 4 5 6 7],3378,49,96,20.66,2013-09-03,06:52:14
47,340,9,[1 2 3 4 5 6 7 8 9],976,94,179,140.4,2013-09-03,06:52:14
48,168,10,[1 2],1395,124,218,13.89,2013-09-03,06:52:14
49,111,10,[1 2],3432,281,166,7.35,2013-09-03,06:52:14
50,437,10,[1 2 3 4 5],1960,115,37,9.56,2013-09-03,06:52:14
51,429,10,[1 2 3 4 5 6 7 8],2138,196,1,238.84,2013-09-03,06:52:14
52,258,10,[ 1  2  3  4  5  6  7  8  9 10],1935,160,91,12.71,2013-09-03,06:52:14
53,93,10,[1 2 3 4 5 6 7],2392,357,180,190.69,2013-09-03,06:52:14
54,252,10,[1 2 3 4 5 6 7 8 9],1635,41,15,15.06,2013-09-03,06:52:14
55,473,11,[1 2],3370,47,45,135.37,2013-09-03,06:52:14
56,291,11,[1 2],670,8,206,1371.75,2013-09-03,06:52:14
57,73,11,[1 2 3 4 5],1224,70,160,1505.66,2013-09-03,06:52:14
58,267,11,[1 2 3 4 5 6 7 8],752,160,213,218.68,2013-09-03,06:52:14
59,164,11,[ 1  2  3  4  5  6  7  8  9 10],1493,377,241,106.36,2013-09-03,06:52:14
60,318,11,[1 2 3 4 5 6 7],528,330,94,26.46,2013-09-03,06:52:14
61,99,11,[1 2 3 4 5 6 7 8 9],538,348,122,42.54,2013-09-03,06:52:14
62,341,12,[1 2],3618,104,30,17.55,2013-09-03,06:52:14
63,241,12,[1 2],2922,355,68,55.85,2013-09-03,06:52:14
64,100,12,[1 2 3 4 5],3075,106,216,50.0,2013-09-03,06:52:14
65,493,12,[1 2 3 4 5 6 7 8],1974,291,128,10.11,2013-09-03,06:52:14
66,18,12,[ 1  2  3  4  5  6  7  8  9 10],2065,181,46,98.13,2013-09-03,06:52:14
67,363,12,[1 2 3 4 5 6 7],569,338,98,25.39,2013-09-03,06:52:14
68,317,12,[1 2 3 4 5 6 7 8 9],952,154,56,1126.71,2013-09-03,06:52:14
69,495,13,[1 2],558,412,219,504.78,2013-09-03,06:52:14
70,366,13,[1 2],1289,314,90,28.29,2013-09-03,06:52:14
71,126,13,[1 2 3 4 5],3204,126,6,231.15,2013-09-03,06:52:14
72,64,13,[1 2 3 4 5 6 7 8],2666,232,92,19.42,2013-09-03,06:52:14
73,119,13,[ 1  2  3  4  5  6  7  8  9 10],1587,175,89,6.92,2013-09-03,06:52:14
74,338,13,[1 2 3 4 5 6 7],1802,245,35,6.64,2013-09-03,06:52:14
75,424,13,[1 2 3 4 5 6 7 8 9],2945,26,113,12.06,2013-09-03,06:52:14
76,151,14,[1 2],1784,437,246,11.52,2013-09-03,06:52:14
77,145,14,[1 2],3358,285,68,54.32,2013-09-03,06:52:14
78,380,14,[1 2 3 4 5],3334,395,116,8.81,2013-09-03,06:52:14
79,1,14,[1 2 3 4 5 6 7 8],2305,381,98,436.4,2013-09-03,06:52:14
80,308,14,[ 1  2  3  4  5  6  7  8  9 10],3001,286,109,47.98,2013-09-03,06:52:14
81,81,14,[1 2 3 4 5 6 7],2756,336,228,18.87,2013-09-03,06:52:14
82,282,14,[1 2 3 4 5 6 7 8 9],3730,333,8,60.68,2013-09-03,06:52:14
83,493,15,[1 2],2663,186,63,111.08,2013-09-03,06:52:14
84,51,15,[1 2],32,130,158,10.7,2013-09-03,06:52:14
85,51,15,[1 2 3 4 5],749,120,80,53.03,2013-09-03,06:52:14
86,104,15,[1 2 3 4 5 6 7 8],3580,323,193,61.32,2013-09-03,06:52:14
87,423,15,[ 1  2  3  4  5  6  7  8  9 10],77,275,132,32.83,2013-09-03,06:52:14
88,300,15,[1 2 3 4 5 6 7],2497,428,2,4.9,2013-09-03,06:52:14
89,361,15,[1 2 3 4 5 6 7 8 9],3558,216,159,14.19,2013-09-03,06:52:14
90,115,16,[1 2 3 4 5 6 7],3600,108,208,25.02,2009-07-29,06:34:09
91,477,16,[1],3681,315,37,79.15,2009-07-29,06:34:09
92,177,16,[1 2],3463,31,108,14.12,2009-07-29,06:34:09
93,417,17,[1 2 3 4 5 6 7],560,225,187,1893.11,2009-07-29,06:34:09
94,159,17,[1],1652,47,125,14.15,2009-07-29,06:34:09
95,18,17,[1 2],2004,359,18,25.85,2009-07-29,06:34:09
96,319,18,[1 2 3 4 5 6 7],220,419,74,9.79,2009-07-29,06:34:09
97,378,18,[1],2092,495,33,161.49,2009-07-29,06:34:09
98,265,18,[1 2],2566,126,124,16.84,2009-07-29,06:34:09
99,117,19,[1 2 3 4 5 6],1040,458,45,39.04,2011-01-09,11:51:37
100,182,20,[1 2 3 4 5 6 7 8],1822,203,118,14.46,2016-10-19,07:53:40
101,98,20,[1],1852,179,169,21.47,2016-10-19,07:53:40
102,282,20,[1 2],295,71,66,121.44,2016-10-19,07:53:40
103,361,20,[1 2],72,386,194,71.75,2016-10-19,07:53:40
104,223,21,[1 2 3 4 5 6 7 8],1288,330,67,36.87,2016-10-19,07:53:40
105,330,21,[1],2874,280,87,522.76,2016-10-19,07:53:40
106,172,21,[1 2],972,42,227,45.04,2016-10-19,07:53:40
107,294,21,[1 2],11,260,101,25.39,2016-10-19,07:53:40
108,421,22,[1 2 3 4 5 6 7 8],152,101,90,13.7,2016-10-19,07:53:40
109,261,22,[1],1831,459,58,7.91,2016-10-19,07:53:40
110,201,22,[1 2],385,218,174,9.39,2016-10-19,07:53:40
111,89,22,[1 2],963,142,19,110.17,2016-10-19,07:53:40
112,78,23,[1 2 3 4 5 6 7 8],965,104,152,19.86,2016-10-19,07:53:40
113,86,23,[1],2010,324,238,37.08,2016-10-19,07:53:40
114,177,23,[1 2],1470,390,76,6.29,2016-10-19,07:53:40
115,35,23,[1 2],288,11,213,49.98,2016-10-19,07:53:40
116,361,24,[1 2 3 4 5 6],221,439,210,212.9,2013-11-16,15:08:35
117,213,24,[ 1  2  3  4  5  6  7  8  9 10],1192,15,213,7.93,2013-11-16,15:08:35
118,195,24,[ 1  2  3  4  5  6  7  8  9 10 11 12],2592,122,223,16.59,2013-11-16,15:08:35
119,294,25,[1 2 3 4 5 6],2370,107,51,864.83,2013-11-16,15:08:35
120,222,25,[ 1  2  3  4  5  6  7  8  9 10],1068,488,194,44.4,2013-11-16,15:08:35
121,116,25,[ 1  2  3  4  5  6  7  8  9 10 11 12],1185,98,205,98.34,2013-11-16,15:08:35
122,205,26,[1 2 3 4 5 6],2925,106,139,28.31,2013-11-16,15:08:35
123,479,26,[ 1  2  3  4  5  6  7  8  9 10],2104,116,144,60.7,2013-11-16,15:08:35
124,242,26,[ 1  2  3  4  5  6  7  8  9 10 11 12],1467,203,14,17.9,2013-11-16,15:08:35
125,196,27,[1 2 3 4 5 6 7],2020,62,139,13.15,2002-08-01,08:50:50
126,162,27,[1 2 3 4 5],2238,406,172,1025.6,2002-08-01,08:50:50
127,378,27,[1 2],2498,24,12,17.07,2002-08-01,08:50:50
128,238,27,[1 2 3],15,159,15,35.85,2002-08-01,08:50:50
129,487,27,[ 1  2  3  4  5  6  7  8  9 10 11 12],1207,202,63,272.83,2002-08-01,08:50:50
130,318,28,[1 2 3 4 5 6 7],906,452,240,27.96,2002-08-01,08:50:50
131,497,28,[1 2 3 4 5],2837,55,162,15.17,2002-08-01,08:50:50
132,323,28,[1 2],3653,346,193,17.22,2002-08-01,08:50:50
133,119,28,[1 2 3],2334,225,116,113.96,2002-08-01,08:50:50
134,118,28,[ 1  2  3  4  5  6  7  8  9 10 11 12],2339,208,209,538.56,2002-08-01,08:50:50
135,390,29,[1 2 3 4 5 6 7],1712,288,141,29.64,2002-08-01,08:50:50
136,8,29,[1 2 3 4 5],2569,442,50,54.33,2002-08-01,08:50:50
137,478,29,[1 2],2128,463,235,550.86,2002-08-01,08:50:50
138,469,29,[1 2 3],3431,402,218,126.29,2002-08-01,08:50:50
139,149,29,[ 1  2  3  4  5  6  7  8  9 10 11 12],3507,75,40,48.35,2002-08-01,08:50:50
140,87,30,[1 2 3 4 5 6 7],2405,486,28,340.65,2002-08-01,08:50:50
141,27,30,[1 2 3 4 5],2737,425,3,64.04,2002-08-01,08:50:50
142,118,30,[1 2],954,399,192,74.54,2002-08-01,08:50:50
143,176,30,[1 2 3],3703,64,246,14.19,2002-08-01,08:50:50
144,262,30,[ 1  2  3  4  5  6  7  8  9 10 11 12],1795,106,139,15.93,2002-08-01,08:50:50
145,25,31,[1 2 3 4 5 6 7],2162,105,73,39.52,2002-08-01,08:50:50
146,460,31,[1 2 3 4 5],419,155,191,10.76,2002-08-01,08:50:50
147,423,31,[1 2],991,318,134,32.02,2002-08-01,08:50:50
148,222,31,[1 2 3],2530,5,159,22.22,2002-08-01,08:50:50
149,246,31,[ 1  2  3  4  5  6  7  8  9 10 11 12],460,59,159,54.28,2002-08-01,08:50:50
150,273,32,[ 1  2  3  4  5  6  7  8  9 10 11],2135,244,197,522.2,2014-07-05,22:31:22
151,140,32,[ 1  2  3  4  5  6  7  8  9 10],2543,50,246,114.8,2014-07-05,22:31:22
152,308,32,[1 2 3 4 5],727,487,66,21.05,2014-07-05,22:31:22
153,250,32,[1 2 3 4 5 6 7 8],3226,110,243,391.38,2014-07-05,22:31:22
154,203,32,[1 2 3 4],1061,154,72,1027.0,2014-07-05,22:31:22
155,72,33,[ 1  2  3  4  5  6  7  8  9 10 11],572,261,85,1049.8,2014-07-05,22:31:22
156,437,33,[ 1  2  3  4  5  6  7  8  9 10],572,315,35,1029.41,2014-07-05,22:31:22
157,273,33,[1 2 3 4 5],707,23,88,17.42,2014-07-05,22:31:22
158,293,33,[1 2 3 4 5 6 7 8],1134,96,126,1072.84,2014-07-05,22:31:22
159,443,33,[1 2 3 4],2610,92,164,322.65,2014-07-05,22:31:22
160,139,34,[ 1  2  3  4  5  6  7  8  9 10 11],3336,440,89,52.12,2014-07-05,22:31:22
161,319,34,[ 1  2  3  4  5  6  7  8  9 10],3396,20,110,54.79,2014-07-05,22:31:22
162,122,34,[1 2 3 4 5],2726,268,34,6.26,2014-07-05,22:31:22
163,453,34,[1 2 3 4 5 6 7 8],3137,226,78,24.74,2014-07-05,22:31:22
164,385,34,[1 2 3 4],2502,481,249,13.23,2014-07-05,22:31:22
165,374,35,[ 1  2  3  4  5  6  7  8  9 10 11],779,266,207,103.67,2014-07-05,22:31:22
166,182,35,[ 1  2  3  4  5  6  7  8  9 10],1725,161,242,18.45,2014-07-05,22:31:22
167,117,35,[1 2 3 4 5],1712,484,140,26.25,2014-07-05,22:31:22
168,113,35,[1 2 3 4 5 6 7 8],3721,271,11,39.93,2014-07-05,22:31:22
169,343,35,[1 2 3 4],538,108,174,40.08,2014-07-05,22:31:22
170,475,36,[ 1  2  3  4  5  6  7  8  9 10 11],286,334,51,14.33,2014-07-05,22:31:22
171,408,36,[ 1  2  3  4  5  6  7  8  9 10],106,439,136,10.08,2014-07-05,22:31:22
172,68,36,[1 2 3 4 5],392,103,162,8.55,2014-07-05,22:31:22
173,244,36,[1 2 3 4 5 6 7 8],1879,380,67,6.85,2014-07-05,22:31:22
174,172,36,[1 2 3 4],1332,7,98,7.0,2014-07-05,22:31:22
175,215,37,[1 2],1950,239,65,94.29,2001-12-27,05:43:18
176,59,37,[1],2843,433,231,37.89,2001-12-27,05:43:18
177,121,37,[1 2 3 4 5 6 7],1266,140,116,64.9,2001-12-27,05:43:18
178,172,38,[1 2],2889,84,138,61.4,2001-12-27,05:43:18
179,215,38,[1],2024,290,124,22.44,2001-12-27,05:43:18
180,129,38,[1 2 3 4 5 6 7],3077,437,72,102.99,2001-12-27,05:43:18
181,474,39,[1 2],2673,354,115,44.34,2001-12-27,05:43:18
182,478,39,[1],3588,12,214,19.75,2001-12-27,05:43:18
183,397,39,[1 2 3 4 5 6 7],2838,386,136,17.61,2001-12-27,05:43:18
184,297,40,[1 2 3 4 5 6 7 8 9],2502,101,156,13.23,2011-11-11,14:52:37
185,495,40,[1 2 3 4 5 6],1898,388,149,10.89,2011-11-11,14:52:37
186,203,40,[1 2 3],1537,238,207,45.51,2011-11-11,14:52:37
187,58,40,[1 2 3 4 5 6 7],809,363,105,11.79,2011-11-11,14:52:37
188,154,41,[1 2 3 4 5 6 7 8 9],1825,230,58,12.36,2011-11-11,14:52:37
189,22,41,[1 2 3 4 5 6],543,49,139,26.27,2011-11-11,14:52:37
190,349,41,[1 2 3],1241,207,239,29.82,2011-11-11,14:52:37
191,375,41,[1 2 3 4 5 6 7],1040,119,180,36.57,2011-11-11,14:52:37
192,80,42,[1 2 3 4 5 6 7 8 9],907,452,119,536.46,2011-11-11,14:52:37
193,47,42,[1 2 3 4 5 6],3483,332,132,16.09,2011-11-11,14:52:37
194,492,42,[1 2 3],1978,33,150,8.62,2011-11-11,14:52:37
195,465,42,[1 2 3 4 5 6 7],2595,250,196,17.56,2011-11-11,14:52:37
196,235,43,[1 2 3 4 5 6 7 8 9],460,157,224,57.83,2011-11-11,14:52:37
197,141,43,[1 2 3 4 5 6],1926,391,225,12.06,2011-11-11,14:52:37
198,456,43,[1 2 3],1186,35,121,1528.39,2011-11-11,14:52:37
199,410,43,[1 2 3 4 5 6 7],1079,351,244,20.13,2011-11-11,14:52:37
200,486,44,[ 1  2  3  4  5  6  7  8  9 10 11 12],2192,479,12,646.57,2000-03-24,17:06:47
201,483,45,[1 2 3 4 5 6 7 8 9],3608,390,152,144.4,2013-07-28,02:07:45
202,356,45,[1 2 3 4 5 6],3099,249,41,48.65,2013-07-28,02:07:45
203,77,45,[1 2 3 4 5 6 7 8 9],1629,15,110,10.97,2013-07-28,02:07:45
204,282,45,[1],1892,411,27,53.6,2013-07-28,02:07:45
205,341,46,[1 2 3 4 5 6 7 8 9],3336,369,122,48.68,2013-07-28,02:07:45
206,485,46,[1 2 3 4 5 6],3091,289,1,9.11,2013-07-28,02:07:45
207,333,46,[1 2 3 4 5 6 7 8 9],2154,254,175,26.8,2013-07-28,02:07:45
208,109,46,[1],3263,77,62,25.0,2013-07-28,02:07:45
209,457,47,[1 2 3 4 5 6 7 8 9],2144,96,214,297.03,2013-07-28,02:07:45
210,207,47,[1 2 3 4 5 6],2160,167,92,630.4,2013-07-28,02:07:45
211,315,47,[1 2 3 4 5 6 7 8 9],2343,271,118,246.84,2013-07-28,02:07:45
212,253,47,[1],2860,488,178,11.35,2013-07-28,02:07:45
213,403,48,[1 2 3 4 5 6 7 8 9],3280,246,187,144.05,2013-07-28,02:07:45
214,32,48,[1 2 3 4 5 6],2082,496,4,26.85,2013-07-28,02:07:45
215,279,48,[1 2 3 4 5 6 7 8 9],461,449,172,28.49,2013-07-28,02:07:45
216,465,48,[1],1538,287,120,208.83,2013-07-28,02:07:45
217,280,49,[1 2 3 4 5 6 7 8 9],1299,202,56,34.24,2018-10-13,00:26:02
218,192,49,[1 2 3],3102,218,197,38.47,2018-10-13,00:26:02
219,279,49,[1 2 3 4 5 6 7 8 9],2599,207,143,17.26,2018-10-13,00:26:02
220,386,49,[1 2 3 4 5 6 7],2248,311,113,234.51,2018-10-13,00:26:02
221,70,49,[1 2 3 4],49,201,86,22.49,2018-10-13,00:26:02
222,193,49,[ 1  2  3  4  5  6  7  8  9 10 11 12],2169,10,213,838.84,2018-10-13,00:26:02
223,463,49,[1 2 3 4],65,197,243,11.04,2018-10-13,00:26:02
224,357,49,[1],3527,269,90,17.03,2018-10-13,00:26:02
225,157,50,[1 2 3 4 5 6 7 8 9],2433,97,114,33.49,2018-10-13,00:26:02
226,273,50,[1 2 3],279,399,67,9.15,2018-10-13,00:26:02
227,129,50,[1 2 3 4 5 6 7 8 9],703,10,155,17.96,2018-10-13,00:26:02
228,124,50,[1 2 3 4 5 6 7],251,303,246,54.64,2018-10-13,00:26:02
229,17,50,[1 2 3 4],746,474,39,87.01,2018-10-13,00:26:02
230,144,50,[ 1  2  3  4  5  6  7  8  9 10 11 12],2815,476,78,140.57,2018-10-13,00:26:02
231,41,50,[1 2 3 4],2004,52,206,24.36,2018-10-13,00:26:02
232,276,50,[1],1160,386,177,43.46,2018-10-13,00:26:02
233,427,51,[1 2 3 4 5 6 7 8 9],1073,65,61,34.7,2018-10-13,00:26:02
234,4,51,[1 2 3],2850,440,159,128.45,2018-10-13,00:26:02
235,390,51,[1 2 3 4 5 6 7 8 9],3590,306,144,16.3,2018-10-13,00:26:02
236,27,51,[1 2 3 4 5 6 7],3131,150,126,24.29,2018-10-13,00:26:02
237,250,51,[1 2 3 4],2514,149,241,53.15,2018-10-13,00:26:02
238,206,51,[ 1  2  3  4  5  6  7  8  9 10 11 12],3403,459,142,18.34,2018-10-13,00:26:02
239,185,51,[1 2 3 4],3443,302,204,8.96,2018-10-13,00:26:02
240,275,51,[1],263,422,189,8.48,2018-10-13,00:26:02
241,329,52,[1 2 3 4 5 6 7 8 9],2990,290,85,464.8,2018-10-13,00:26:02
242,454,52,[1 2 3],2172,308,134,106.02,2018-10-13,00:26:02
243,256,52,[1 2 3 4 5 6 7 8 9],573,9,51,7.65,2018-10-13,00:26:02
244,249,52,[1 2 3 4 5 6 7],1667,359,134,11.23,2018-10-13,00:26:02
245,154,52,[1 2 3 4],452,427,159,13.34,2018-10-13,00:26:02
246,330,52,[ 1  2  3  4  5  6  7  8  9 10 11 12],2656,116,123,11.13,2018-10-13,00:26:02
247,56,52,[1 2 3 4],778,319,200,22.71,2018-10-13,00:26:02
248,424,52,[1],1910,366,11,12.27,2018-10-13,00:26:02
249,354,53,[1 2 3 4 5 6 7 8 9],513,308,231,13.6,2018-10-13,00:26:02
250,80,53,[1 2 3],492,359,173,74.66,2018-10-13,00:26:02
251,75,53,[1 2 3 4 5 6 7 8 9],1560,203,51,20.75,2018-10-13,00:26:02
252,1,53,[1 2 3 4 5 6 7],3085,41,106,229.38,2018-10-13,00:26:02
253,493,53,[1 2 3 4],2835,167,207,139.62,2018-10-13,00:26:02
254,434,53,[ 1  2  3  4  5  6  7  8  9 10 11 12],2989,478,97,50.24,2018-10-13,00:26:02
255,226,53,[1 2 3 4],606,484,172,1741.96,2018-10-13,00:26:02
256,473,53,[1],3250,192,71,22.46,2018-10-13,00:26:02
257,131,54,[1 2 3 4 5 6 7 8 9],2380,278,131,687.77,2018-10-13,00:26:02
258,373,54,[1 2 3],3008,332,39,103.64,2018-10-13,00:26:02
259,262,54,[1 2 3 4 5 6 7 8 9],366,470,52,28.11,2018-10-13,00:26:02
260,224,54,[1 2 3 4 5 6 7],2412,119,246,661.67,2018-10-13,00:26:02
261,113,54,[1 2 3 4],2845,258,87,13.67,2018-10-13,00:26:02
262,436,54,[ 1  2  3  4  5  6  7  8  9 10 11 12],3557,301,48,40.12,2018-10-13,00:26:02
263,471,54,[1 2 3 4],423,193,107,5.97,2018-10-13,00:26:02
264,385,54,[1],748,325,4,35.83,2018-10-13,00:26:02
265,326,55,[1 2 3 4 5 6 7 8 9],1688,351,224,27.4,2018-10-13,00:26:02
266,172,55,[1 2 3],3579,249,19,11.98,2018-10-13,00:26:02
267,207,55,[1 2 3 4 5 6 7 8 9],2164,456,121,1008.54,2018-10-13,00:26:02
268,101,55,[1 2 3 4 5 6 7],3162,85,58,773.83,2018-10-13,00:26:02
269,216,55,[1 2 3 4],3378,378,153,17.57,2018-10-13,00:26:02
270,109,55,[ 1  2  3  4  5  6  7  8  9 10 11 12],681,139,95,9.16,2018-10-13,00:26:02
271,357,55,[1 2 3 4],3089,19,102,15.84,2018-10-13,00:26:02
272,324,55,[1],346,221,178,1440.67,2018-10-13,00:26:02
273,375,56,[1 2 3 4 5 6 7 8 9],318,139,248,9.72,2018-10-13,00:26:02
274,190,56,[1 2 3],1453,387,16,39.71,2018-10-13,00:26:02
275,358,56,[1 2 3 4 5 6 7 8 9],2348,363,219,385.74,2018-10-13,00:26:02
276,208,56,[1 2 3 4 5 6 7],188,329,226,14.69,2018-10-13,00:26:02
277,316,56,[1 2 3 4],1688,45,149,30.38,2018-10-13,00:26:02
278,241,56,[ 1  2  3  4  5  6  7  8  9 10 11 12],1281,70,90,86.7,2018-10-13,00:26:02
279,141,56,[1 2 3 4],2024,160,25,19.23,2018-10-13,00:26:02
280,355,56,[1],1913,56,23,29.37,2018-10-13,00:26:02
281,423,57,[1 2],1559,277,67,11.38,2009-08-05,18:00:21
282,331,58,[1],1281,444,131,82.6,2007-07-09,21:55:52
283,73,58,[1 2 3 4],2745,476,57,42.62,2007-07-09,21:55:52
284,170,58,[1 2],281,119,120,16.52,2007-07-09,21:55:52
285,90,58,[1 2 3 4 5 6 7],1776,90,79,15.46,2007-07-09,21:55:52
286,93,58,[1 2],2306,448,45,1044.62,2007-07-09,21:55:52
287,68,58,[1 2 3],2471,437,28,16.67,2007-07-09,21:55:52
288,273,58,[1 2 3 4 5 6],2245,376,196,97.92,2007-07-09,21:55:52
289,217,58,[1],2392,126,52,158.06,2007-07-09,21:55:52
290,46,59,[1],2296,427,115,168.02,2007-07-09,21:55:52
291,376,59,[1 2 3 4],1062,31,191,791.16,2007-07-09,21:55:52
292,112,59,[1 2],3300,393,10,17.31,2007-07-09,21:55:52
293,412,59,[1 2 3 4 5 6 7],473,225,160,19.32,2007-07-09,21:55:52
294,43,59,[1 2],3591,383,50,14.24,2007-07-09,21:55:52
295,31,59,[1 2 3],3432,281,69,7.35,2007-07-09,21:55:52
296,366,59,[1 2 3 4 5 6],1005,417,84,10.65,2007-07-09,21:55:52
297,49,59,[1],875,285,32,1737.4,2007-07-09,21:55:52
298,319,60,[1],1795,168,9,13.25,2007-07-09,21:55:52
299,254,60,[1 2 3 4],2786,42,44,7.7,2007-07-09,21:55:52
300,402,60,[1 2],1159,11,66,195.36,2007-07-09,21:55:52
301,321,60,[1 2 3 4 5 6 7],2014,45,177,8.89,2007-07-09,21:55:52
302,492,60,[1 2],3475,184,138,21.07,2007-07-09,21:55:52
303,456,60,[1 2 3],442,201,195,13.73,2007-07-09,21:55:52
304,269,60,[1 2 3 4 5 6],736,23,201,807.5,2007-07-09,21:55:52
305,308,60,[1],2110,221,35,128.5,2007-07-09,21:55:52
306,394,61,[1],3805,489,121,11.93,2007-07-09,21:55:52
307,294,61,[1 2 3 4],378,25,108,46.75,2007-07-09,21:55:52
308,383,61,[1 2],582,343,182,51.68,2007-07-09,21:55:52
309,390,61,[1 2 3 4 5 6 7],2750,158,218,15.61,2007-07-09,21:55:52
310,53,61,[1 2],2980,211,62,15.03,2007-07-09,21:55:52
311,145,61,[1 2 3],1912,491,131,17.66,2007-07-09,21:55:52
312,339,61,[1 2 3 4 5 6],2481,70,140,133.06,2007-07-09,21:55:52
313,31,61,[1],3595,380,226,164.78,2007-07-09,21:55:52
314,281,62,[1],945,38,150,17.96,2007-07-09,21:55:52
315,241,62,[1 2 3 4],1028,70,189,13.21,2007-07-09,21:55:52
316,264,62,[1 2],154,324,40,8.71,2007-07-09,21:55:52
317,309,62,[1 2 3 4 5 6 7],1906,394,216,8.83,2007-07-09,21:55:52
318,7,62,[1 2],1109,114,104,14.38,2007-07-09,21:55:52
319,122,62,[1 2 3],755,55,72,20.29,2007-07-09,21:55:52
320,82,62,[1 2 3 4 5 6],2853,326,29,19.32,2007-07-09,21:55:52
321,39,62,[1],1972,47,19,17.72,2007-07-09,21:55:52
322,276,63,[1],3662,310,160,133.48,2007-07-09,21:55:52
323,8,63,[1 2 3 4],168,146,233,8.42,2007-07-09,21:55:52
324,478,63,[1 2],1186,215,150,1368.22,2007-07-09,21:55:52
325,446,63,[1 2 3 4 5 6 7],2412,189,17,660.18,2007-07-09,21:55:52
326,200,63,[1 2],2743,70,19,59.8,2007-07-09,21:55:52
327,349,63,[1 2 3],1919,122,35,13.42,2007-07-09,21:55:52
328,380,63,[1 2 3 4 5 6],3313,56,72,13.95,2007-07-09,21:55:52
329,116,63,[1],58,293,4,108.8,2007-07-09,21:55:52
330,222,64,[1],1028,16,25,14.17,2007-07-09,21:55:52
331,80,64,[1 2 3 4],2384,83,234,279.1,2007-07-09,21:55:52
332,268,64,[1 2],2022,243,19,63.71,2007-07-09,21:55:52
333,490,64,[1 2 3 4 5 6 7],2427,258,86,13.19,2007-07-09,21:55:52
334,330,64,[1 2],24,263,64,8.98,2007-07-09,21:55:52
335,426,64,[1 2 3],2004,193,178,25.67,2007-07-09,21:55:52
336,393,64,[1 2 3 4 5 6],2758,279,142,20.46,2007-07-09,21:55:52
337,156,64,[1],1123,136,217,39.23,2007-07-09,21:55:52
338,496,65,[1],1005,151,209,9.06,2007-07-09,21:55:52
339,424,65,[1 2 3 4],1279,104,86,32.9,2007-07-09,21:55:52
340,59,65,[1 2],1216,452,32,16.21,2007-07-09,21:55:52
341,88,65,[1 2 3 4 5 6 7],972,63,176,43.41,2007-07-09,21:55:52
342,228,65,[1 2],2666,197,246,19.3,2007-07-09,21:55:52
343,170,65,[1 2 3],1079,422,42,20.78,2007-07-09,21:55:52
344,417,65,[1 2 3 4 5 6],456,300,50,13.25,2007-07-09,21:55:52
345,173,65,[1],1862,366,233,59.32,2007-07-09,21:55:52
346,46,66,[1 2],2930,165,234,13.96,2014-04-24,19:59:27
347,260,66,[ 1  2  3  4  5  6  7  8  9 10],1926,419,73,10.84,2014-04-24,19:59:27
348,148,66,[1 2 3 4 5],3609,367,182,22.76,2014-04-24,19:59:27
349,381,67,[1 2],1457,80,89,17.42,2014-04-24,19:59:27
350,412,67,[ 1  2  3  4  5  6  7  8  9 10],149,390,144,9.98,2014-04-24,19:59:27
351,130,67,[1 2 3 4 5],3726,55,199,262.98,2014-04-24,19:59:27
352,46,68,[1 2],108,210,63,8.41,2014-04-24,19:59:27
353,340,68,[ 1  2  3  4  5  6  7  8  9 10],1442,355,89,20.38,2014-04-24,19:59:27
354,458,68,[1 2 3 4 5],3740,484,47,35.91,2014-04-24,19:59:27
355,435,69,[ 1  2  3  4  5  6  7  8  9 10 11],797,173,54,18.58,2011-11-09,07:48:04
356,321,69,[ 1  2  3  4  5  6  7  8  9 10],976,107,7,131.36,2011-11-09,07:48:04
357,10,69,[1],1844,131,8,12.41,2011-11-09,07:48:04
358,274,69,[ 1  2  3  4  5  6  7  8  9 10 11],2481,410,73,130.31,2011-11-09,07:48:04
359,331,69,[1 2 3],3137,226,28,24.74,2011-11-09,07:48:04
360,456,70,[ 1  2  3  4  5  6  7  8  9 10 11],516,157,178,94.61,2011-11-09,07:48:04
361,377,70,[ 1  2  3  4  5  6  7  8  9 10],378,313,8,40.7,2011-11-09,07:48:04
362,173,70,[1],2151,305,37,525.98,2011-11-09,07:48:04
363,445,70,[ 1  2  3  4  5  6  7  8  9 10 11],3533,383,224,36.13,2011-11-09,07:48:04
364,259,70,[1 2 3],133,81,151,10.71,2011-11-09,07:48:04
365,208,71,[ 1  2  3  4  5  6  7  8  9 10 11],3115,487,131,178.72,2011-11-09,07:48:04
366,237,71,[ 1  2  3  4  5  6  7  8  9 10],3122,445,213,36.36,2011-11-09,07:48:04
367,146,71,[1],1576,52,47,16.49,2011-11-09,07:48:04
368,146,71,[ 1  2  3  4  5  6  7  8  9 10 11],1593,224,152,23.7,2011-11-09,07:48:04
369,489,71,[1 2 3],2832,412,64,19.77,2011-11-09,07:48:04
370,35,72,[ 1  2  3  4  5  6  7  8  9 10 11],3591,269,215,17.3,2011-11-09,07:48:04
371,218,72,[ 1  2  3  4  5  6  7  8  9 10],1956,73,27,18.94,2011-11-09,07:48:04
372,289,72,[1],16,49,202,25.98,2011-11-09,07:48:04
373,356,72,[ 1  2  3  4  5  6  7  8  9 10 11],3258,305,73,9.01,2011-11-09,07:48:04
374,63,72,[1 2 3],1085,73,245,127.99,2011-11-09,07:48:04
375,191,73,[ 1  2  3  4  5  6  7  8  9 10 11],975,231,156,24.99,2011-11-09,07:48:04
376,309,73,[ 1  2  3  4  5  6  7  8  9 10],568,79,33,5.78,2011-11-09,07:48:04
377,61,73,[1],642,107,20,1175.35,2011-11-09,07:48:04
378,425,73,[ 1  2  3  4  5  6  7  8  9 10 11],3604,9,182,8.62,2011-11-09,07:48:04
379,354,73,[1 2 3],1994,397,162,40.15,2011-11-09,07:48:04
380,274,74,[ 1  2  3  4  5  6  7  8  9 10],74,435,204,15.51,2004-11-17,21:42:53
381,54,74,[ 1  2  3  4  5  6  7  8  9 10 11],3414,452,127,14.75,2004-11-17,21:42:53
382,64,74,[ 1  2  3  4  5  6  7  8  9 10],3040,315,64,18.95,2004-11-17,21:42:53
383,465,74,[1 2 3 4 5],2042,458,123,12.65,2004-11-17,21:42:53
384,488,74,[1 2 3 4],83,474,99,16.42,2004-11-17,21:42:53
385,152,75,[ 1  2  3  4  5  6  7  8  9 10],986,410,194,9.06,2004-11-17,21:42:53
386,129,75,[ 1  2  3  4  5  6  7  8  9 10 11],651,68,130,157.53,2004-11-17,21:42:53
387,416,75,[ 1  2  3  4  5  6  7  8  9 10],2020,287,49,14.75,2004-11-17,21:42:53
388,289,75,[1 2 3 4 5],3290,435,104,68.74,2004-11-17,21:42:53
389,83,75,[1 2 3 4],2240,443,97,97.63,2004-11-17,21:42:53
390,37,76,[ 1  2  3  4  5  6  7  8  9 10],395,302,242,1117.5,2004-11-17,21:42:53
391,227,76,[ 1  2  3  4  5  6  7  8  9 10 11],2192,135,45,696.78,2004-11-17,21:42:53
392,248,76,[ 1  2  3  4  5  6  7  8  9 10],2176,436,238,217.16,2004-11-17,21:42:53
393,6,76,[1 2 3 4 5],3799,225,82,94.33,2004-11-17,21:42:53
394,168,76,[1 2 3 4],2677,150,65,86.61,2004-11-17,21:42:53
395,255,77,[ 1  2  3  4  5  6  7  8  9 10],2278,146,7,483.36,2004-11-17,21:42:53
396,167,77,[ 1  2  3  4  5  6  7  8  9 10 11],451,197,227,11.16,2004-11-17,21:42:53
397,363,77,[ 1  2  3  4  5  6  7  8  9 10],1699,351,180,18.08,2004-11-17,21:42:53
398,91,77,[1 2 3 4 5],2519,247,67,51.86,2004-11-17,21:42:53
399,252,77,[1 2 3 4],2213,479,206,661.76,2004-11-17,21:42:53
400,322,78,[ 1  2  3  4  5  6  7  8  9 10],2011,126,238,6.98,2004-11-17,21:42:53
401,107,78,[ 1  2  3  4  5  6  7  8  9 10 11],2880,70,42,33.73,2004-11-17,21:42:53
402,270,78,[ 1  2  3  4  5  6  7  8  9 10],1939,207,194,21.34,2004-11-17,21:42:53
403,179,78,[1 2 3 4 5],3205,239,110,376.26,2004-11-17,21:42:53
404,162,78,[1 2 3 4],394,288,184,9.46,2004-11-17,21:42:53
405,152,79,[1],3294,401,223,22.99,2005-06-27,11:55:11
406,372,80,[ 1  2  3  4  5  6  7  8  9 10 11],1404,225,57,154.85,2020-06-26,21:28:52
407,77,80,[1 2 3 4 5 6 7],957,265,235,66.0,2020-06-26,21:28:52
408,118,80,[1 2 3 4 5 6],2374,328,241,215.81,2020-06-26,21:28:52
409,223,80,[1 2 3 4 5],2926,438,115,60.05,2020-06-26,21:28:52
410,67,80,[1 2 3 4],1215,401,249,1503.99,2020-06-26,21:28:52
411,97,81,[ 1  2  3  4  5  6  7  8  9 10 11],533,361,210,318.76,2020-06-26,21:28:52
412,22,81,[1 2 3 4 5 6 7],714,251,153,17.94,2020-06-26,21:28:52
413,15,81,[1 2 3 4 5 6],3429,234,160,14.44,2020-06-26,21:28:52
414,79,81,[1 2 3 4 5],2308,323,205,306.79,2020-06-26,21:28:52
415,465,81,[1 2 3 4],1246,74,177,11.85,2020-06-26,21:28:52
416,277,82,[ 1  2  3  4  5  6  7  8  9 10 11],2420,442,6,27.6,2020-06-26,21:28:52
417,56,82,[1 2 3 4 5 6 7],1542,35,139,15.34,2020-06-26,21:28:52
418,106,82,[1 2 3 4 5 6],1435,25,129,105.81,2020-06-26,21:28:52
419,167,82,[1 2 3 4 5],1820,312,48,56.83,2020-06-26,21:28:52
420,28,82,[1 2 3 4],1360,207,115,102.29,2020-06-26,21:28:52
421,330,83,[ 1  2  3  4  5  6  7  8  9 10 11],3786,232,234,115.37,2020-06-26,21:28:52
422,33,83,[1 2 3 4 5 6 7],1194,325,147,1472.28,2020-06-26,21:28:52
423,173,83,[1 2 3 4 5 6],3352,279,211,11.97,2020-06-26,21:28:52
424,138,83,[1 2 3 4 5],3748,426,196,14.8,2020-06-26,21:28:52
425,92,83,[1 2 3 4],1626,193,142,5.51,2020-06-26,21:28:52
426,402,84,[ 1  2  3  4  5  6  7  8  9 10 11],862,443,214,1295.59,2020-06-26,21:28:52
427,105,84,[1 2 3 4 5 6 7],649,355,157,855.42,2020-06-26,21:28:52
428,254,84,[1 2 3 4 5 6],3039,392,213,46.38,2020-06-26,21:28:52
429,75,84,[1 2 3 4 5],40,177,243,17.44,2020-06-26,21:28:52
430,271,84,[1 2 3 4],222,296,65,21.33,2020-06-26,21:28:52
431,206,85,[ 1  2  3  4  5  6  7  8  9 10],3656,327,24,80.53,2005-08-28,20:06:01
432,388,85,[1 2 3 4 5 6],3766,280,81,13.18,2005-08-28,20:06:01
433,57,85,[ 1  2  3  4  5  6  7  8  9 10 11 12],2360,454,56,711.99,2005-08-28,20:06:01
434,7,85,[1 2 3 4 5 6 7],2221,292,231,908.92,2005-08-28,20:06:01
435,184,85,[1 2 3 4],377,202,55,25.95,2005-08-28,20:06:01
436,436,86,[ 1  2  3  4  5  6  7  8  9 10],632,176,220,83.17,2005-08-28,20:06:01
437,215,86,[1 2 3 4 5 6],1716,73,191,47.85,2005-08-28,20:06:01
438,323,86,[ 1  2  3  4  5  6  7  8  9 10 11 12],3613,262,151,41.35,2005-08-28,20:06:01
439,357,86,[1 2 3 4 5 6 7],3602,122,59,16.31,2005-08-28,20:06:01
440,263,86,[1 2 3 4],2033,293,37,24.68,2005-08-28,20:06:01
441,426,87,[ 1  2  3  4  5  6  7  8  9 10],3476,322,115,19.26,2005-08-28,20:06:01
442,80,87,[1 2 3 4 5 6],236,19,142,18.55,2005-08-28,20:06:01
443,1,87,[ 1  2  3  4  5  6  7  8  9 10 11 12],3118,270,125,240.42,2005-08-28,20:06:01
444,79,87,[1 2 3 4 5 6 7],1677,19,181,164.44,2005-08-28,20:06:01
445,193,87,[1 2 3 4],215,325,188,1223.22,2005-08-28,20:06:01
446,87,88,[ 1  2  3  4  5  6  7  8  9 10],3465,108,24,208.11,2005-08-28,20:06:01
447,353,88,[1 2 3 4 5 6],1497,472,145,10.82,2005-08-28,20:06:01
448,23,88,[ 1  2  3  4  5  6  7  8  9 10 11 12],1827,257,121,6.92,2005-08-28,20:06:01
449,78,88,[1 2 3 4 5 6 7],753,270,39,18.91,2005-08-28,20:06:01
450,289,88,[1 2 3 4],1043,185,17,120.52,2005-08-28,20:06:01
451,252,89,[ 1  2  3  4  5  6  7  8  9 10],2401,246,216,267.04,2005-08-28,20:06:01
452,198,89,[1 2 3 4 5 6],1150,209,153,16.76,2005-08-28,20:06:01
453,404,89,[ 1  2  3  4  5  6  7  8  9 10 11 12],2051,264,207,9.73,2005-08-28,20:06:01
454,127,89,[1 2 3 4 5 6 7],393,100,248,18.73,2005-08-28,20:06:01
455,340,89,[1 2 3 4],1009,102,222,14.1,2005-08-28,20:06:01
456,214,90,[ 1  2  3  4  5  6  7  8  9 10 11],968,255,78,11.14,2000-05-27,03:33:07
457,86,90,[1 2 3 4 5 6 7],3101,402,174,12.01,2000-05-27,03:33:07
458,278,90,[1 2 3 4 5 6 7 8 9],968,231,76,11.42,2000-05-27,03:33:07
459,114,90,[ 1  2  3  4  5  6  7  8  9 10 11 12],1933,53,182,31.96,2000-05-27,03:33:07
460,147,90,[ 1  2  3  4  5  6  7  8  9 10],1101,244,38,13.5,2000-05-27,03:33:07
461,447,91,[ 1  2  3  4  5  6  7  8  9 10 11],2847,6,180,14.49,2000-05-27,03:33:07
462,195,91,[1 2 3 4 5 6 7],2082,368,76,30.33,2000-05-27,03:33:07
463,279,91,[1 2 3 4 5 6 7 8 9],253,318,164,72.07,2000-05-27,03:33:07
464,182,91,[ 1  2  3  4  5  6  7  8  9 10 11 12],722,301,190,60.2,2000-05-27,03:33:07
465,223,91,[ 1  2  3  4  5  6  7  8  9 10],398,289,92,20.62,2000-05-27,03:33:07
466,172,92,[ 1  2  3  4  5  6  7  8  9 10 11],986,258,65,9.07,2000-05-27,03:33:07
467,220,92,[1 2 3 4 5 6 7],2251,134,119,433.38,2000-05-27,03:33:07
468,267,92,[1 2 3 4 5 6 7 8 9],1932,134,141,10.28,2000-05-27,03:33:07
469,489,92,[ 1  2  3  4  5  6  7  8  9 10 11 12],1295,371,89,69.54,2000-05-27,03:33:07
470,30,92,[ 1  2  3  4  5  6  7  8  9 10],1498,309,111,79.6,2000-05-27,03:33:07
471,209,93,[ 1  2  3  4  5  6  7  8  9 10 11],1920,53,232,23.62,2000-05-27,03:33:07
472,84,93,[1 2 3 4 5 6 7],2283,487,57,648.67,2000-05-27,03:33:07
473,0,93,[1 2 3 4 5 6 7 8 9],56,75,33,1967.85,2000-05-27,03:33:07
474,351,93,[ 1  2  3  4  5  6  7  8  9 10 11 12],1297,284,50,527.28,2000-05-27,03:33:07
475,165,93,[ 1  2  3  4  5  6  7  8  9 10],3272,182,190,8.86,2000-05-27,03:33:07
476,294,94,[ 1  2  3  4  5  6  7  8  9 10 11],1798,111,157,29.88,2000-05-27,03:33:07
477,121,94,[1 2 3 4 5 6 7],644,475,101,683.76,2000-05-27,03:33:07
478,17,94,[1 2 3 4 5 6 7 8 9],346,325,250,1540.63,2000-05-27,03:33:07
479,113,94,[ 1  2  3  4  5  6  7  8  9 10 11 12],374,432,239,11.17,2000-05-27,03:33:07
480,84,94,[ 1  2  3  4  5  6  7  8  9 10],92,204,191,12.43,2000-05-27,03:33:07
481,174,95,[1 2 3 4],3040,357,66,19.33,2018-08-01,15:08:49
482,265,95,[1 2 3 4],2170,443,239,282.1,2018-08-01,15:08:49
483,497,95,[1 2],269,44,182,6.27,2018-08-01,15:08:49
484,132,96,[1 2 3 4],1372,47,59,193.72,2018-08-01,15:08:49
485,176,96,[1 2 3 4],2284,30,164,84.88,2018-08-01,15:08:49
486,186,96,[1 2],227,92,115,10.84,2018-08-01,15:08:49
487,167,97,[1 2 3 4],3711,120,221,16.29,2018-08-01,15:08:49
488,455,97,[1 2 3 4],1944,39,101,12.77,2018-08-01,15:08:49
489,315,97,[1 2],902,418,162,90.78,2018-08-01,15:08:49
490,398,98,[ 1  2  3  4  5  6  7  8  9 10],614,296,194,34.05,2017-06-08,22:59:08
491,412,98,[1 2 3 4 5 6 7 8],2850,480,174,112.11,2017-06-08,22:59:08
492,455,98,[ 1  2  3  4  5  6  7  8  9 10 11],2906,407,27,21.02,2017-06-08,22:59:08
493,192,98,[1 2 3],2098,74,248,21.8,2017-06-08,22:59:08
494,403,99,[ 1  2  3  4  5  6  7  8  9 10],1235,237,90,23.1,2017-06-08,22:59:08
495,91,99,[1 2 3 4 5 6 7 8],2444,34,238,192.16,2017-06-08,22:59:08
496,435,99,[ 1  2  3  4  5  6  7  8  9 10 11],2739,293,50,20.89,2017-06-08,22:59:08
497,219,99,[1 2 3],681,339,236,8.99,2017-06-08,22:59:08
498,358,100,[ 1  2  3  4  5  6  7  8  9 10],3163,12,72,21.38,2017-06-08,22:59:08
499,305,100,[1 2 3 4 5 6 7 8],359,213,49,16.01,2017-06-08,22:59:08
500,405,100,[ 1  2  3  4  5  6  7  8  9 10 11],695,405,231,11.54,2017-06-08,22:59:08
501,486,100,[1 2 3],2445,286,172,110.92,2017-06-08,22:59:08
502,358,101,[ 1  2  3  4  5  6  7  8  9 10],2132,282,22,1072.48,2017-06-08,22:59:08
503,146,101,[1 2 3 4 5 6 7 8],1323,456,62,150.11,2017-06-08,22:59:08
504,383,101,[ 1  2  3  4  5  6  7  8  9 10 11],2480,176,18,33.49,2017-06-08,22:59:08
505,0,101,[1 2 3],3210,97,96,42.77,2017-06-08,22:59:08
506,220,102,[1 2 3],600,467,41,28.49,2014-08-03,08:57:54
507,49,102,[1 2 3 4 5 6 7 8],100,360,101,30.4,2014-08-03,08:57:54
508,353,102,[1 2 3 4 5 6 7 8],351,206,120,29.59,2014-08-03,08:57:54
509,83,103,[1 2 3],3658,353,208,58.83,2014-08-03,08:57:54
510,186,103,[1 2 3 4 5 6 7 8],3531,169,189,100.42,2014-08-03,08:57:54
511,45,103,[1 2 3 4 5 6 7 8],2073,31,148,18.04,2014-08-03,08:57:54
512,301,104,[1 2 3],1902,300,78,9.3,2014-08-03,08:57:54
513,123,104,[1 2 3 4 5 6 7 8],1667,73,129,10.9,2014-08-03,08:57:54
514,404,104,[1 2 3 4 5 6 7 8],1293,499,198,25.64,2014-08-03,08:57:54
515,304,105,[1 2 3 4 5 6 7],1059,185,53,16.57,2020-08-20,10:04:13
516,177,105,[1 2 3 4 5 6 7],1003,149,6,21.45,2020-08-20,10:04:13
517,57,106,[1 2 3 4 5 6 7],1160,246,143,39.24,2020-08-20,10:04:13
518,470,106,[1 2 3 4 5 6 7],1534,203,245,15.44,2020-08-20,10:04:13
519,386,107,[ 1  2  3  4  5  6  7  8  9 10 11],3058,80,212,45.68,2021-02-26,05:29:12
520,103,107,[ 1  2  3  4  5  6  7  8  9 10 11 12],1684,404,3,101.1,2021-02-26,05:29:12
521,463,108,[ 1  2  3  4  5  6  7  8  9 10 11],2596,98,41,9.08,2021-02-26,05:29:12
522,438,108,[ 1  2  3  4  5  6  7  8  9 10 11 12],3718,294,75,106.62,2021-02-26,05:29:12
523,355,109,[1],18,433,110,16.34,2020-04-27,20:38:03
524,237,110,[1 2],155,450,194,15.01,2007-07-09,10:14:31
525,152,110,[1],1133,332,198,266.13,2007-07-09,10:14:31
526,136,110,[1 2 3 4 5 6],3145,123,181,23.24,2007-07-09,10:14:31
527,209,110,[ 1  2  3  4  5  6  7  8  9 10],2159,247,192,231.94,2007-07-09,10:14:31
528,17,110,[ 1  2  3  4  5  6  7  8  9 10],102,324,128,9.17,2007-07-09,10:14:31
529,306,110,[1 2 3 4 5 6 7],3040,113,194,20.28,2007-07-09,10:14:31
530,303,111,[1 2],732,390,3,24.83,2007-07-09,10:14:31
531,272,111,[1],1942,389,155,105.44,2007-07-09,10:14:31
532,142,111,[1 2 3 4 5 6],1804,361,94,12.68,2007-07-09,10:14:31
533,154,111,[ 1  2  3  4  5  6  7  8  9 10],1879,186,42,6.18,2007-07-09,10:14:31
534,312,111,[ 1  2  3  4  5  6  7  8  9 10],1684,366,210,107.87,2007-07-09,10:14:31
535,453,111,[1 2 3 4 5 6 7],2959,220,104,158.34,2007-07-09,10:14:31
536,194,112,[1 2],3737,384,205,11.08,2007-07-09,10:14:31
537,482,112,[1],517,320,123,16.02,2007-07-09,10:14:31
538,318,112,[1 2 3 4 5 6],685,458,161,202.92,2007-07-09,10:14:31
539,146,112,[ 1  2  3  4  5  6  7  8  9 10],1099,358,37,17.67,2007-07-09,10:14:31
540,39,112,[ 1  2  3  4  5  6  7  8  9 10],19,205,22,17.54,2007-07-09,10:14:31
541,406,112,[1 2 3 4 5 6 7],3354,234,102,46.94,2007-07-09,10:14:31
542,135,113,[1 2],1577,315,247,9.18,2007-07-09,10:14:31
543,224,113,[1],2778,82,90,11.61,2007-07-09,10:14:31
544,210,113,[1 2 3 4 5 6],805,319,224,8.34,2007-07-09,10:14:31
545,315,113,[ 1  2  3  4  5  6  7  8  9 10],559,458,170,11.43,2007-07-09,10:14:31
546,371,113,[ 1  2  3  4  5  6  7  8  9 10],1058,329,89,17.36,2007-07-09,10:14:31
547,383,113,[1 2 3 4 5 6 7],2795,183,224,18.99,2007-07-09,10:14:31
548,445,114,[1 2],3662,359,167,125.92,2007-07-09,10:14:31
549,263,114,[1],3385,421,87,46.71,2007-07-09,10:14:31
550,51,114,[1 2 3 4 5 6],1696,252,61,12.49,2007-07-09,10:14:31
551,289,114,[ 1  2  3  4  5  6  7  8  9 10],2790,436,93,21.47,2007-07-09,10:14:31
552,334,114,[ 1  2  3  4  5  6  7  8  9 10],2980,72,222,18.06,2007-07-09,10:14:31
553,336,114,[1 2 3 4 5 6 7],2324,470,232,387.37,2007-07-09,10:14:31
554,180,115,[1 2],2738,73,214,18.49,2007-07-09,10:14:31
555,69,115,[1],1189,284,45,28.16,2007-07-09,10:14:31
556,444,115,[1 2 3 4 5 6],1587,403,131,7.77,2007-07-09,10:14:31
557,277,115,[ 1  2  3  4  5  6  7  8  9 10],1942,446,188,116.04,2007-07-09,10:14:31
558,229,115,[ 1  2  3  4  5  6  7  8  9 10],2943,71,16,17.65,2007-07-09,10:14:31
559,422,115,[1 2 3 4 5 6 7],829,461,100,22.41,2007-07-09,10:14:31
560,33,116,[1 2 3 4],673,56,160,91.93,2019-05-01,09:07:55
561,284,116,[ 1  2  3  4  5  6  7  8  9 10 11 12],2544,238,163,16.06,2019-05-01,09:07:55
562,190,116,[1],1764,274,66,10.33,2019-05-01,09:07:55
563,371,116,[1 2 3 4 5],1281,326,39,82.04,2019-05-01,09:07:55
564,215,116,[1 2 3 4 5 6 7],193,281,165,12.75,2019-05-01,09:07:55
565,25,116,[ 1  2  3  4  5  6  7  8  9 10],2708,221,75,30.42,2019-05-01,09:07:55
566,166,116,[ 1  2  3  4  5  6  7  8  9 10 11 12],3368,316,228,81.14,2019-05-01,09:07:55
567,473,116,[1],3282,94,245,25.09,2019-05-01,09:07:55
568,52,117,[1 2 3 4],2011,482,23,6.71,2019-05-01,09:07:55
569,347,117,[ 1  2  3  4  5  6  7  8  9 10 11 12],139,152,208,12.98,2019-05-01,09:07:55
570,269,117,[1],3320,156,88,18.75,2019-05-01,09:07:55
571,33,117,[1 2 3 4 5],1715,473,26,44.71,2019-05-01,09:07:55
572,235,117,[1 2 3 4 5 6 7],1622,0,237,17.21,2019-05-01,09:07:55
573,463,117,[ 1  2  3  4  5  6  7  8  9 10],196,441,74,42.96,2019-05-01,09:07:55
574,67,117,[ 1  2  3  4  5  6  7  8  9 10 11 12],3572,243,136,50.73,2019-05-01,09:07:55
575,198,117,[1],1728,447,245,15.07,2019-05-01,09:07:55
576,323,118,[1 2 3 4],2522,146,31,835.9,2019-05-01,09:07:55
577,212,118,[ 1  2  3  4  5  6  7  8  9 10 11 12],2772,221,107,506.67,2019-05-01,09:07:55
578,372,118,[1],1463,189,16,18.1,2019-05-01,09:07:55
579,288,118,[1 2 3 4 5],3169,335,201,177.28,2019-05-01,09:07:55
580,403,118,[1 2 3 4 5 6 7],27,296,211,12.17,2019-05-01,09:07:55
581,283,118,[ 1  2  3  4  5  6  7  8  9 10],3525,197,243,21.79,2019-05-01,09:07:55
582,403,118,[ 1  2  3  4  5  6  7  8  9 10 11 12],2956,123,112,67.35,2019-05-01,09:07:55
583,257,118,[1],3534,330,227,16.07,2019-05-01,09:07:55
584,217,119,[1 2 3 4],41,365,32,13.16,2019-05-01,09:07:55
585,458,119,[ 1  2  3  4  5  6  7  8  9 10 11 12],1154,29,54,198.87,2019-05-01,09:07:55
586,63,119,[1],3676,237,161,34.25,2019-05-01,09:07:55
587,334,119,[1 2 3 4 5],850,219,3,1304.56,2019-05-01,09:07:55
588,371,119,[1 2 3 4 5 6 7],2710,89,226,46.88,2019-05-01,09:07:55
589,283,119,[ 1  2  3  4  5  6  7  8  9 10],1728,447,172,15.07,2019-05-01,09:07:55
590,175,119,[ 1  2  3  4  5  6  7  8  9 10 11 12],847,229,124,10.53,2019-05-01,09:07:55
591,361,119,[1],2723,74,210,35.42,2019-05-01,09:07:55
592,54,120,[1 2 3 4],2489,210,184,110.29,2019-05-01,09:07:55
593,243,120,[ 1  2  3  4  5  6  7  8  9 10 11 12],2511,334,117,19.77,2019-05-01,09:07:55
594,266,120,[1],525,8,40,22.58,2019-05-01,09:07:55
595,403,120,[1 2 3 4 5],559,131,80,10.31,2019-05-01,09:07:55
596,173,120,[1 2 3 4 5 6 7],2639,272,240,15.59,2019-05-01,09:07:55
597,418,120,[ 1  2  3  4  5  6  7  8  9 10],940,375,56,6.59,2019-05-01,09:07:55
598,50,120,[ 1  2  3  4  5  6  7  8  9 10 11 12],130,448,177,62.44,2019-05-01,09:07:55
599,298,120,[1],421,402,202,32.14,2019-05-01,09:07:55
600,389,121,[1 2 3 4],3755,437,245,10.97,2019-05-01,09:07:55
601,264,121,[ 1  2  3  4  5  6  7  8  9 10 11 12],2721,435,149,25.09,2019-05-01,09:07:55
602,327,121,[1],2344,325,175,30.96,2019-05-01,09:07:55
603,139,121,[1 2 3 4 5],3504,123,19,37.89,2019-05-01,09:07:55
604,451,121,[1 2 3 4 5 6 7],1345,413,180,9.68,2019-05-01,09:07:55
605,356,121,[ 1  2  3  4  5  6  7  8  9 10],870,294,142,2195.7,2019-05-01,09:07:55
606,98,121,[ 1  2  3  4  5  6  7  8  9 10 11 12],2161,191,53,343.87,2019-05-01,09:07:55
607,497,121,[1],139,129,87,12.21,2019-05-01,09:07:55
608,473,122,[1 2 3 4],2875,467,110,148.79,2019-05-01,09:07:55
609,135,122,[ 1  2  3  4  5  6  7  8  9 10 11 12],2663,17,55,100.71,2019-05-01,09:07:55
610,108,122,[1],2891,63,97,42.31,2019-05-01,09:07:55
611,328,122,[1 2 3 4 5],1195,443,225,13.58,2019-05-01,09:07:55
612,477,122,[1 2 3 4 5 6 7],3768,183,96,126.42,2019-05-01,09:07:55
613,101,122,[ 1  2  3  4  5  6  7  8  9 10],205,436,202,6.73,2019-05-01,09:07:55
614,95,122,[ 1  2  3  4  5  6  7  8  9 10 11 12],1538,229,7,222.95,2019-05-01,09:07:55
615,297,122,[1],2479,231,45,26.98,2019-05-01,09:07:55
616,90,123,[1 2 3 4],906,147,250,31.47,2019-05-01,09:07:55
617,35,123,[ 1  2  3  4  5  6  7  8  9 10 11 12],3623,479,207,23.81,2019-05-01,09:07:55
618,483,123,[1],661,244,225,71.3,2019-05-01,09:07:55
619,387,123,[1 2 3 4 5],790,123,145,165.8,2019-05-01,09:07:55
620,450,123,[1 2 3 4 5 6 7],2524,327,143,11.28,2019-05-01,09:07:55
621,224,123,[ 1  2  3  4  5  6  7  8  9 10],405,235,207,15.92,2019-05-01,09:07:55
622,242,123,[ 1  2  3  4  5  6  7  8  9 10 11 12],598,118,76,26.38,2019-05-01,09:07:55
623,171,123,[1],3593,164,37,9.11,2019-05-01,09:07:55
624,339,124,[1 2 3 4 5 6 7 8],2565,330,195,92.48,2000-01-25,04:23:53
625,419,124,[1 2 3 4],2866,319,240,21.45,2000-01-25,04:23:53
626,475,124,[1 2 3 4 5],3729,151,78,30.04,2000-01-25,04:23:53
627,319,124,[1 2 3],2842,213,45,114.52,2000-01-25,04:23:53
628,410,124,[1 2 3 4 5 6 7],3282,236,161,23.37,2000-01-25,04:23:53
629,170,125,[1 2 3 4 5 6 7 8],3436,172,152,11.92,2000-01-25,04:23:53
630,485,125,[1 2 3 4],2321,467,217,205.3,2000-01-25,04:23:53
631,339,125,[1 2 3 4 5],1772,290,126,11.62,2000-01-25,04:23:53
632,167,125,[1 2 3],3094,475,245,26.39,2000-01-25,04:23:53
633,90,125,[1 2 3 4 5 6 7],2747,274,78,16.95,2000-01-25,04:23:53
634,368,126,[1 2 3 4 5 6 7 8],2273,360,219,212.45,2000-01-25,04:23:53
635,63,126,[1 2 3 4],3009,425,101,226.55,2000-01-25,04:23:53
636,182,126,[1 2 3 4 5],77,189,109,37.88,2000-01-25,04:23:53
637,288,126,[1 2 3],1517,298,193,14.32,2000-01-25,04:23:53
638,236,126,[1 2 3 4 5 6 7],2731,355,75,75.86,2000-01-25,04:23:53
639,53,127,[1 2 3 4 5 6 7 8],2939,377,190,113.91,2000-01-25,04:23:53
640,238,127,[1 2 3 4],3498,10,208,22.89,2000-01-25,04:23:53
641,14,127,[1 2 3 4 5],2105,87,67,44.7,2000-01-25,04:23:53
642,155,127,[1 2 3],589,217,204,21.08,2000-01-25,04:23:53
643,440,127,[1 2 3 4 5 6 7],3411,390,205,58.12,2000-01-25,04:23:53
644,69,128,[1 2 3 4 5 6 7 8],1830,374,240,11.56,2000-01-25,04:23:53
645,261,128,[1 2 3 4],1040,24,69,35.2,2000-01-25,04:23:53
646,302,128,[1 2 3 4 5],2759,178,116,68.88,2000-01-25,04:23:53
647,427,128,[1 2 3],1148,499,132,33.99,2000-01-25,04:23:53
648,253,128,[1 2 3 4 5 6 7],2977,350,56,13.22,2000-01-25,04:23:53
649,397,129,[1 2 3 4 5 6 7 8],1720,220,140,28.37,2021-09-23,23:42:55
650,64,129,[1 2 3 4 5 6 7 8 9],2906,147,140,25.69,2021-09-23,23:42:55
651,8,129,[1 2 3 4 5 6 7 8 9],2452,178,104,21.0,2021-09-23,23:42:55
652,352,129,[1 2 3 4 5 6 7 8 9],2047,140,243,8.19,2021-09-23,23:42:55
653,269,129,[1 2 3 4 5 6 7],1522,362,96,19.87,2021-09-23,23:42:55
654,172,129,[1 2 3 4 5 6 7],1828,99,62,10.07,2021-09-23,23:42:55
655,353,129,[1 2 3 4 5],1021,101,161,55.29,2021-09-23,23:42:55
656,216,129,[1 2 3 4 5 6 7],343,266,190,18.14,2021-09-23,23:42:55
657,233,130,[1 2 3 4 5 6 7 8],756,214,223,9.24,2021-09-23,23:42:55
658,240,130,[1 2 3 4 5 6 7 8 9],180,440,73,8.55,2021-09-23,23:42:55
659,379,130,[1 2 3 4 5 6 7 8 9],634,405,11,22.54,2021-09-23,23:42:55
660,478,130,[1 2 3 4 5 6 7 8 9],1863,420,230,1094.53,2021-09-23,23:42:55
661,97,130,[1 2 3 4 5 6 7],2295,48,144,194.23,2021-09-23,23:42:55
662,266,130,[1 2 3 4 5 6 7],3487,303,87,63.49,2021-09-23,23:42:55
663,130,130,[1 2 3 4 5],1350,86,74,89.75,2021-09-23,23:42:55
664,395,130,[1 2 3 4 5 6 7],1272,43,106,19.96,2021-09-23,23:42:55
665,40,131,[1 2 3 4 5 6 7 8],523,84,70,8.33,2021-09-23,23:42:55
666,84,131,[1 2 3 4 5 6 7 8 9],132,238,47,8.43,2021-09-23,23:42:55
667,112,131,[1 2 3 4 5 6 7 8 9],2201,429,16,264.68,2021-09-23,23:42:55
668,69,131,[1 2 3 4 5 6 7 8 9],3757,85,232,66.87,2021-09-23,23:42:55
669,475,131,[1 2 3 4 5 6 7],2290,291,246,1335.9,2021-09-23,23:42:55
670,304,131,[1 2 3 4 5 6 7],1797,84,18,14.9,2021-09-23,23:42:55
671,428,131,[1 2 3 4 5],2471,219,71,18.55,2021-09-23,23:42:55
672,476,131,[1 2 3 4 5 6 7],657,427,45,17.55,2021-09-23,23:42:55
673,105,132,[1 2 3 4 5 6 7 8],3564,234,11,14.31,2021-09-23,23:42:55
674,422,132,[1 2 3 4 5 6 7 8 9],3298,352,13,44.17,2021-09-23,23:42:55
675,284,132,[1 2 3 4 5 6 7 8 9],489,228,13,28.91,2021-09-23,23:42:55
676,324,132,[1 2 3 4 5 6 7 8 9],1573,2,188,25.69,2021-09-23,23:42:55
677,143,132,[1 2 3 4 5 6 7],808,308,200,15.87,2021-09-23,23:42:55
678,458,132,[1 2 3 4 5 6 7],3656,149,50,84.36,2021-09-23,23:42:55
679,150,132,[1 2 3 4 5],755,220,121,19.02,2021-09-23,23:42:55
680,299,132,[1 2 3 4 5 6 7],232,455,180,15.87,2021-09-23,23:42:55
681,465,133,[1 2 3 4 5 6 7 8],1297,114,85,489.1,2021-09-23,23:42:55
682,393,133,[1 2 3 4 5 6 7 8 9],378,331,15,38.34,2021-09-23,23:42:55
683,59,133,[1 2 3 4 5 6 7 8 9],3570,362,113,584.89,2021-09-23,23:42:55
684,478,133,[1 2 3 4 5 6 7 8 9],3782,273,80,9.38,2021-09-23,23:42:55
685,439,133,[1 2 3 4 5 6 7],773,494,149,16.18,2021-09-23,23:42:55
686,243,133,[1 2 3 4 5 6 7],1463,222,39,18.71,2021-09-23,23:42:55
687,387,133,[1 2 3 4 5],276,116,242,26.28,2021-09-23,23:42:55
688,114,133,[1 2 3 4 5 6 7],1369,465,213,705.38,2021-09-23,23:42:55
689,369,134,[1 2 3 4 5 6 7 8],2972,496,64,31.17,2021-09-23,23:42:55
690,224,134,[1 2 3 4 5 6 7 8 9],1303,79,74,22.85,2021-09-23,23:42:55
691,451,134,[1 2 3 4 5 6 7 8 9],3782,396,56,7.21,2021-09-23,23:42:55
692,272,134,[1 2 3 4 5 6 7 8 9],2575,4,108,15.62,2021-09-23,23:42:55
693,400,134,[1 2 3 4 5 6 7],3650,474,186,192.53,2021-09-23,23:42:55
694,260,134,[1 2 3 4 5 6 7],2004,41,161,24.57,2021-09-23,23:42:55
695,487,134,[1 2 3 4 5],2660,421,187,9.69,2021-09-23,23:42:55
696,282,134,[1 2 3 4 5 6 7],298,193,187,6.16,2021-09-23,23:42:55
697,339,135,[1 2 3 4 5 6 7 8],2321,388,128,188.42,2021-09-23,23:42:55
698,490,135,[1 2 3 4 5 6 7 8 9],286,284,7,15.53,2021-09-23,23:42:55
699,48,135,[1 2 3 4 5 6 7 8 9],1150,314,19,16.16,2021-09-23,23:42:55
700,141,135,[1 2 3 4 5 6 7 8 9],3769,192,21,343.64,2021-09-23,23:42:55
701,153,135,[1 2 3 4 5 6 7],1989,450,169,14.93,2021-09-23,23:42:55
702,451,135,[1 2 3 4 5 6 7],3325,128,222,26.26,2021-09-23,23:42:55
703,284,135,[1 2 3 4 5],3754,78,150,36.57,2021-09-23,23:42:55
704,363,135,[1 2 3 4 5 6 7],614,366,100,29.45,2021-09-23,23:42:55
705,216,136,[1 2 3 4 5 6 7 8],2758,31,116,18.01,2021-09-23,23:42:55
706,165,136,[1 2 3 4 5 6 7 8 9],873,402,15,106.83,2021-09-23,23:42:55
707,226,136,[1 2 3 4 5 6 7 8 9],292,44,176,84.43,2021-09-23,23:42:55
708,317,136,[1 2 3 4 5 6 7 8 9],2499,246,87,13.36,2021-09-23,23:42:55
709,155,136,[1 2 3 4 5 6 7],1471,490,123,276.78,2021-09-23,23:42:55
710,346,136,[1 2 3 4 5 6 7],1461,212,23,13.91,2021-09-23,23:42:55
711,464,136,[1 2 3 4 5],3401,171,150,16.94,2021-09-23,23:42:55
712,118,136,[1 2 3 4 5 6 7],2355,174,162,266.82,2021-09-23,23:42:55
713,302,137,[1],939,218,123,72.84,2021-04-12,23:43:21
714,170,137,[1 2 3 4 5 6 7 8],2746,17,161,11.05,2021-04-12,23:43:21
715,63,137,[1 2 3 4 5],654,106,8,15.08,2021-04-12,23:43:21
716,227,137,[1],1407,14,26,10.65,2021-04-12,23:43:21
717,27,137,[1 2],2934,99,20,14.66,2021-04-12,23:43:21
718,259,137,[1 2],3156,334,246,316.27,2021-04-12,23:43:21
719,466,137,[ 1  2  3  4  5  6  7  8  9 10 11 12],2493,90,80,20.61,2021-04-12,23:43:21
720,392,137,[1 2 3 4 5],2472,293,155,18.08,2021-04-12,23:43:21
721,63,138,[1],3163,298,25,17.68,2021-04-12,23:43:21
722,214,138,[1 2 3 4 5 6 7 8],361,350,97,52.48,2021-04-12,23:43:21
723,266,138,[1 2 3 4 5],3758,309,11,31.04,2021-04-12,23:43:21
724,372,138,[1],3427,51,151,134.19,2021-04-12,23:43:21
725,414,138,[1 2],380,57,134,9.27,2021-04-12,23:43:21
726,267,138,[1 2],2097,300,206,10.23,2021-04-12,23:43:21
727,202,138,[ 1  2  3  4  5  6  7  8  9 10 11 12],2311,163,121,357.91,2021-04-12,23:43:21
728,226,138,[1 2 3 4 5],3765,45,81,97.04,2021-04-12,23:43:21
729,86,139,[1],1545,170,145,54.85,2021-04-12,23:43:21
730,67,139,[1 2 3 4 5 6 7 8],3499,122,124,36.85,2021-04-12,23:43:21
731,445,139,[1 2 3 4 5],780,12,47,22.87,2021-04-12,23:43:21
732,243,139,[1],97,485,149,23.31,2021-04-12,23:43:21
733,71,139,[1 2],911,66,242,1841.58,2021-04-12,23:43:21
734,211,139,[1 2],2308,54,153,318.04,2021-04-12,23:43:21
735,78,139,[ 1  2  3  4  5  6  7  8  9 10 11 12],493,449,24,15.18,2021-04-12,23:43:21
736,216,139,[1 2 3 4 5],330,306,20,13.16,2021-04-12,23:43:21
737,285,140,[1],304,9,93,252.54,2021-04-12,23:43:21
738,102,140,[1 2 3 4 5 6 7 8],2598,481,164,21.68,2021-04-12,23:43:21
739,115,140,[1 2 3 4 5],1186,5,194,1452.71,2021-04-12,23:43:21
740,276,140,[1],603,494,197,1495.47,2021-04-12,23:43:21
741,105,140,[1 2],1629,366,128,8.41,2021-04-12,23:43:21
742,309,140,[1 2],808,245,238,19.83,2021-04-12,23:43:21
743,75,140,[ 1  2  3  4  5  6  7  8  9 10 11 12],2129,336,222,483.07,2021-04-12,23:43:21
744,433,140,[1 2 3 4 5],3004,172,244,19.85,2021-04-12,23:43:21
745,170,141,[1],2476,189,218,28.36,2021-04-12,23:43:21
746,105,141,[1 2 3 4 5 6 7 8],2237,321,215,449.9,2021-04-12,23:43:21
747,347,141,[1 2 3 4 5],1289,68,29,25.28,2021-04-12,23:43:21
748,0,141,[1],72,213,132,80.51,2021-04-12,23:43:21
749,128,141,[1 2],633,446,210,46.06,2021-04-12,23:43:21
750,69,141,[1 2],463,460,239,12.74,2021-04-12,23:43:21
751,385,141,[ 1  2  3  4  5  6  7  8  9 10 11 12],2677,150,152,86.61,2021-04-12,23:43:21
752,261,141,[1 2 3 4 5],226,134,14,14.53,2021-04-12,23:43:21
753,417,142,[1],67,257,101,13.77,2021-04-12,23:43:21
754,284,142,[1 2 3 4 5 6 7 8],801,234,78,51.75,2021-04-12,23:43:21
755,304,142,[1 2 3 4 5],205,16,89,7.33,2021-04-12,23:43:21
756,429,142,[1],3415,138,218,39.92,2021-04-12,23:43:21
757,459,142,[1 2],3799,154,173,84.84,2021-04-12,23:43:21
758,56,142,[1 2],54,124,98,27.59,2021-04-12,23:43:21
759,359,142,[ 1  2  3  4  5  6  7  8  9 10 11 12],1040,458,230,39.04,2021-04-12,23:43:21
760,338,142,[1 2 3 4 5],3604,359,72,9.22,2021-04-12,23:43:21
761,44,143,[1],3626,392,214,20.5,2021-04-12,23:43:21
762,31,143,[1 2 3 4 5 6 7 8],1981,196,30,19.28,2021-04-12,23:43:21
763,71,143,[1 2 3 4 5],3064,17,208,121.57,2021-04-12,23:43:21
764,154,143,[1],1388,404,38,26.72,2021-04-12,23:43:21
765,168,143,[1 2],2887,450,243,19.13,2021-04-12,23:43:21
766,335,143,[1 2],3671,157,90,42.75,2021-04-12,23:43:21
767,71,143,[ 1  2  3  4  5  6  7  8  9 10 11 12],2975,275,58,20.93,2021-04-12,23:43:21
768,369,143,[1 2 3 4 5],655,490,202,13.89,2021-04-12,23:43:21
769,72,144,[1],1717,385,188,29.86,2021-04-12,23:43:21
770,329,144,[1 2 3 4 5 6 7 8],1376,133,240,13.63,2021-04-12,23:43:21
771,408,144,[1 2 3 4 5],1339,291,97,48.96,2021-04-12,23:43:21
772,351,144,[1],1163,235,124,15.31,2021-04-12,23:43:21
773,489,144,[1 2],1546,208,212,29.62,2021-04-12,23:43:21
774,495,144,[1 2],300,171,55,14.12,2021-04-12,23:43:21
775,143,144,[ 1  2  3  4  5  6  7  8  9 10 11 12],2693,67,110,32.95,2021-04-12,23:43:21
776,30,144,[1 2 3 4 5],3247,469,158,970.26,2021-04-12,23:43:21
777,69,145,[1 2 3],1932,47,175,8.58,2005-08-04,19:35:35
778,164,145,[1 2 3],1298,222,202,33.29,2005-08-04,19:35:35
779,239,145,[ 1  2  3  4  5  6  7  8  9 10 11],576,482,225,6.21,2005-08-04,19:35:35
780,119,146,[1 2 3],2056,370,249,15.13,2005-08-04,19:35:35
781,167,146,[1 2 3],1299,160,211,36.94,2005-08-04,19:35:35
782,14,146,[ 1  2  3  4  5  6  7  8  9 10 11],3181,73,15,18.08,2005-08-04,19:35:35
783,279,147,[1 2 3],2146,67,37,1069.75,2005-08-04,19:35:35
784,255,147,[1 2 3],690,394,239,10.1,2005-08-04,19:35:35
785,58,147,[ 1  2  3  4  5  6  7  8  9 10 11],318,43,153,7.76,2005-08-04,19:35:35
786,294,148,[1 2 3 4 5 6 7 8],2508,428,124,118.81,2002-10-24,23:14:30
787,155,149,[ 1  2  3  4  5  6  7  8  9 10],3232,201,44,32.44,2004-10-07,08:26:13
788,485,149,[1 2 3 4 5 6 7],1077,118,171,13.99,2004-10-07,08:26:13
789,267,149,[1 2 3],90,33,217,8.42,2004-10-07,08:26:13
790,202,149,[1 2 3 4],2267,305,91,99.18,2004-10-07,08:26:13
791,175,149,[1 2 3 4 5 6 7 8],2235,458,4,950.35,2004-10-07,08:26:13
792,214,150,[ 1  2  3  4  5  6  7  8  9 10],1361,31,192,71.0,2004-10-07,08:26:13
793,167,150,[1 2 3 4 5 6 7],35,224,231,10.21,2004-10-07,08:26:13
794,376,150,[1 2 3],3465,488,7,215.61,2004-10-07,08:26:13
795,480,150,[1 2 3 4],2146,54,120,1045.86,2004-10-07,08:26:13
796,443,150,[1 2 3 4 5 6 7 8],3153,38,132,55.04,2004-10-07,08:26:13
797,270,151,[ 1  2  3  4  5  6  7  8  9 10],3511,141,49,186.52,2004-10-07,08:26:13
798,154,151,[1 2 3 4 5 6 7],3078,432,140,11.77,2004-10-07,08:26:13
799,215,151,[1 2 3],701,499,220,43.01,2004-10-07,08:26:13
800,32,151,[1 2 3 4],723,465,102,33.76,2004-10-07,08:26:13
801,172,151,[1 2 3 4 5 6 7 8],3777,484,186,205.7,2004-10-07,08:26:13
802,157,152,[ 1  2  3  4  5  6  7  8  9 10],2370,359,236,820.47,2004-10-07,08:26:13
803,329,152,[1 2 3 4 5 6 7],2835,104,89,149.11,2004-10-07,08:26:13
804,106,152,[1 2 3],2910,471,57,30.57,2004-10-07,08:26:13
805,142,152,[1 2 3 4],1963,426,217,5.03,2004-10-07,08:26:13
806,313,152,[1 2 3 4 5 6 7 8],2194,23,68,867.73,2004-10-07,08:26:13
807,101,153,[ 1  2  3  4  5  6  7  8  9 10],1035,195,99,199.32,2004-10-07,08:26:13
808,104,153,[1 2 3 4 5 6 7],1626,384,183,5.8,2004-10-07,08:26:13
809,334,153,[1 2 3],559,131,228,10.31,2004-10-07,08:26:13
810,302,153,[1 2 3 4],1865,475,70,7.21,2004-10-07,08:26:13
811,440,153,[1 2 3 4 5 6 7 8],2147,56,55,741.46,2004-10-07,08:26:13
812,204,154,[1 2 3 4 5 6 7 8 9],841,28,74,420.85,2005-09-25,23:53:17
813,386,154,[1 2 3 4 5 6 7],1623,36,243,10.26,2005-09-25,23:53:17
814,10,154,[ 1  2  3  4  5  6  7  8  9 10 11],2735,7,39,69.89,2005-09-25,23:53:17
815,194,154,[1 2 3 4 5 6 7 8],2303,135,179,240.32,2005-09-25,23:53:17
816,428,154,[1],3240,388,239,17.87,2005-09-25,23:53:17
817,279,154,[ 1  2  3  4  5  6  7  8  9 10 11 12],1761,367,249,93.14,2005-09-25,23:53:17
818,278,154,[1 2 3 4 5 6 7 8],1957,498,57,49.96,2005-09-25,23:53:17
819,71,155,[1 2 3 4 5 6 7 8 9],1626,406,77,5.97,2005-09-25,23:53:17
820,490,155,[1 2 3 4 5 6 7],1590,305,3,14.78,2005-09-25,23:53:17
821,302,155,[ 1  2  3  4  5  6  7  8  9 10 11],168,214,163,9.44,2005-09-25,23:53:17
822,452,155,[1 2 3 4 5 6 7 8],2254,12,137,1260.57,2005-09-25,23:53:17
823,140,155,[1],2471,464,153,19.31,2005-09-25,23:53:17
824,165,155,[ 1  2  3  4  5  6  7  8  9 10 11 12],1335,127,146,26.87,2005-09-25,23:53:17
825,454,155,[1 2 3 4 5 6 7 8],2621,187,236,39.26,2005-09-25,23:53:17
826,444,156,[1 2 3 4 5 6 7 8 9],3040,113,113,20.28,2005-09-25,23:53:17
827,464,156,[1 2 3 4 5 6 7],128,371,12,20.32,2005-09-25,23:53:17
828,346,156,[ 1  2  3  4  5  6  7  8  9 10 11],2607,77,190,528.08,2005-09-25,23:53:17
829,74,156,[1 2 3 4 5 6 7 8],3056,145,128,9.8,2005-09-25,23:53:17
830,469,156,[1],2621,235,142,38.28,2005-09-25,23:53:17
831,344,156,[ 1  2  3  4  5  6  7  8  9 10 11 12],40,53,10,15.51,2005-09-25,23:53:17
832,97,156,[1 2 3 4 5 6 7 8],2531,237,69,9.04,2005-09-25,23:53:17
833,482,157,[1 2 3 4 5 6 7 8 9],2040,52,183,20.02,2005-09-25,23:53:17
834,4,157,[1 2 3 4 5 6 7],3161,315,170,406.65,2005-09-25,23:53:17
835,194,157,[ 1  2  3  4  5  6  7  8  9 10 11],3605,28,57,29.14,2005-09-25,23:53:17
836,316,157,[1 2 3 4 5 6 7 8],3160,32,185,24.77,2005-09-25,23:53:17
837,101,157,[1],1766,139,161,15.18,2005-09-25,23:53:17
838,82,157,[ 1  2  3  4  5  6  7  8  9 10 11 12],3701,85,195,14.74,2005-09-25,23:53:17
839,433,157,[1 2 3 4 5 6 7 8],1427,327,121,6.09,2005-09-25,23:53:17
840,25,158,[1 2 3 4 5 6 7 8 9],3163,298,210,17.68,2005-09-25,23:53:17
841,479,158,[1 2 3 4 5 6 7],1630,202,3,17.64,2005-09-25,23:53:17
842,283,158,[ 1  2  3  4  5  6  7  8  9 10 11],2441,266,70,14.32,2005-09-25,23:53:17
843,353,158,[1 2 3 4 5 6 7 8],1051,74,146,152.97,2005-09-25,23:53:17
844,103,158,[1],409,177,147,57.48,2005-09-25,23:53:17
845,101,158,[ 1  2  3  4  5  6  7  8  9 10 11 12],3300,482,118,18.58,2005-09-25,23:53:17
846,27,158,[1 2 3 4 5 6 7 8],567,269,110,320.84,2005-09-25,23:53:17
847,234,159,[1 2 3 4 5 6 7 8 9],3217,458,70,18.58,2005-09-25,23:53:17
848,43,159,[1 2 3 4 5 6 7],895,258,245,29.55,2005-09-25,23:53:17
849,78,159,[ 1  2  3  4  5  6  7  8  9 10 11],3062,137,158,9.78,2005-09-25,23:53:17
850,410,159,[1 2 3 4 5 6 7 8],2785,54,219,567.93,2005-09-25,23:53:17
851,78,159,[1],1794,81,156,65.52,2005-09-25,23:53:17
852,61,159,[ 1  2  3  4  5  6  7  8  9 10 11 12],144,392,69,12.21,2005-09-25,23:53:17
853,87,159,[1 2 3 4 5 6 7 8],612,415,117,8.93,2005-09-25,23:53:17
854,492,160,[1 2 3 4 5 6 7 8 9],1660,74,130,10.64,2005-09-25,23:53:17
855,440,160,[1 2 3 4 5 6 7],2910,332,129,27.65,2005-09-25,23:53:17
856,414,160,[ 1  2  3  4  5  6  7  8  9 10 11],395,420,248,1136.21,2005-09-25,23:53:17
857,79,160,[1 2 3 4 5 6 7 8],2809,441,236,23.72,2005-09-25,23:53:17
858,32,160,[1],991,98,9,31.27,2005-09-25,23:53:17
859,140,160,[ 1  2  3  4  5  6  7  8  9 10 11 12],1215,401,211,1503.99,2005-09-25,23:53:17
860,359,160,[1 2 3 4 5 6 7 8],952,167,222,1071.03,2005-09-25,23:53:17
861,208,161,[1 2 3 4 5],875,176,28,1910.56,2002-07-24,03:37:14
862,419,161,[1 2 3 4 5 6 7 8 9],1827,328,47,8.75,2002-07-24,03:37:14
863,195,161,[1],830,287,84,11.57,2002-07-24,03:37:14
864,84,161,[ 1  2  3  4  5  6  7  8  9 10 11],2143,30,144,1344.02,2002-07-24,03:37:14
865,1,161,[1 2 3 4],846,218,143,1407.08,2002-07-24,03:37:14
866,364,161,[ 1  2  3  4  5  6  7  8  9 10 11],3339,313,176,21.35,2002-07-24,03:37:14
867,370,162,[1 2 3 4 5],1275,195,244,10.16,2002-07-24,03:37:14
868,418,162,[1 2 3 4 5 6 7 8 9],1523,450,240,20.94,2002-07-24,03:37:14
869,495,162,[1],3604,359,101,9.22,2002-07-24,03:37:14
870,50,162,[ 1  2  3  4  5  6  7  8  9 10 11],458,368,185,16.46,2002-07-24,03:37:14
871,391,162,[1 2 3 4],301,101,6,28.8,2002-07-24,03:37:14
872,182,162,[ 1  2  3  4  5  6  7  8  9 10 11],1135,226,91,1888.56,2002-07-24,03:37:14
873,0,163,[1 2 3 4 5],554,165,2,9.45,2002-07-24,03:37:14
874,148,163,[1 2 3 4 5 6 7 8 9],2846,348,208,230.17,2002-07-24,03:37:14
875,252,163,[1],3189,89,196,3.64,2002-07-24,03:37:14
876,453,163,[ 1  2  3  4  5  6  7  8  9 10 11],1247,419,230,16.09,2002-07-24,03:37:14
877,399,163,[1 2 3 4],426,29,168,57.93,2002-07-24,03:37:14
878,473,163,[ 1  2  3  4  5  6  7  8  9 10 11],2067,297,17,57.09,2002-07-24,03:37:14
879,42,164,[1 2 3 4 5],939,361,55,67.22,2002-07-24,03:37:14
880,89,164,[1 2 3 4 5 6 7 8 9],2040,117,33,17.73,2002-07-24,03:37:14
881,304,164,[1],3110,481,127,134.62,2002-07-24,03:37:14
882,283,164,[ 1  2  3  4  5  6  7  8  9 10 11],3514,256,112,64.79,2002-07-24,03:37:14
883,440,164,[1 2 3 4],611,380,71,1654.02,2002-07-24,03:37:14
884,319,164,[ 1  2  3  4  5  6  7  8  9 10 11],1862,366,191,59.32,2002-07-24,03:37:14
885,300,165,[1 2 3 4 5],318,43,74,7.76,2002-07-24,03:37:14
886,21,165,[1 2 3 4 5 6 7 8 9],1888,49,114,8.93,2002-07-24,03:37:14
887,268,165,[1],417,423,44,15.11,2002-07-24,03:37:14
888,491,165,[ 1  2  3  4  5  6  7  8  9 10 11],2050,220,122,22.23,2002-07-24,03:37:14
889,26,165,[1 2 3 4],1687,114,191,45.53,2002-07-24,03:37:14
890,25,165,[ 1  2  3  4  5  6  7  8  9 10 11],1692,150,233,12.1,2002-07-24,03:37:14
891,498,166,[1 2 3 4 5],581,183,150,17.74,2002-07-24,03:37:14
892,71,166,[1 2 3 4 5 6 7 8 9],2066,312,234,27.61,2002-07-24,03:37:14
893,494,166,[1],3794,184,200,98.4,2002-07-24,03:37:14
894,256,166,[ 1  2  3  4  5  6  7  8  9 10 11],2521,344,113,20.49,2002-07-24,03:37:14
895,144,166,[1 2 3 4],3452,402,216,46.53,2002-07-24,03:37:14
896,461,166,[ 1  2  3  4  5  6  7  8  9 10 11],1155,298,56,39.94,2002-07-24,03:37:14
897,148,167,[1 2],640,397,170,31.8,2004-03-09,15:04:30
898,210,167,[ 1  2  3  4  5  6  7  8  9 10 11 12],1187,155,160,1642.6,2004-03-09,15:04:30
899,422,167,[1 2 3 4 5 6 7],1344,373,153,16.11,2004-03-09,15:04:30
900,40,168,[1 2],3718,446,156,114.17,2004-03-09,15:04:30
901,51,168,[ 1  2  3  4  5  6  7  8  9 10 11 12],2773,99,184,14.41,2004-03-09,15:04:30
902,93,168,[1 2 3 4 5 6 7],1282,82,147,22.18,2004-03-09,15:04:30
903,90,169,[1 2],3330,239,123,184.4,2004-03-09,15:04:30
904,357,169,[ 1  2  3  4  5  6  7  8  9 10 11 12],1012,307,61,10.57,2004-03-09,15:04:30
905,203,169,[1 2 3 4 5 6 7],1270,170,211,194.69,2004-03-09,15:04:30
906,474,170,[ 1  2  3  4  5  6  7  8  9 10 11],2773,481,238,15.28,2018-04-09,06:29:17
907,95,170,[1 2 3 4 5 6 7 8 9],1959,18,8,17.61,2018-04-09,06:29:17
908,249,170,[1],1184,127,133,9.74,2018-04-09,06:29:17
909,494,170,[1],749,290,41,49.66,2018-04-09,06:29:17
910,384,170,[1 2 3 4 5 6 7 8 9],1905,115,217,16.98,2018-04-09,06:29:17
911,324,170,[1 2 3 4 5 6 7],2205,189,127,869.82,2018-04-09,06:29:17
912,381,171,[ 1  2  3  4  5  6  7  8  9 10 11],990,146,124,23.6,2018-04-09,06:29:17
913,86,171,[1 2 3 4 5 6 7 8 9],3475,294,220,21.63,2018-04-09,06:29:17
914,305,171,[1],3573,71,213,17.21,2018-04-09,06:29:17
915,476,171,[1],3597,330,94,17.34,2018-04-09,06:29:17
916,288,171,[1 2 3 4 5 6 7 8 9],1892,343,61,55.83,2018-04-09,06:29:17
917,365,171,[1 2 3 4 5 6 7],3172,481,20,48.92,2018-04-09,06:29:17
918,97,172,[ 1  2  3  4  5  6  7  8  9 10 11],2084,492,112,15.72,2018-04-09,06:29:17
919,210,172,[1 2 3 4 5 6 7 8 9],1225,184,131,35.64,2018-04-09,06:29:17
920,204,172,[1],1841,364,150,11.95,2018-04-09,06:29:17
921,215,172,[1],279,377,142,8.01,2018-04-09,06:29:17
922,38,172,[1 2 3 4 5 6 7 8 9],2467,435,8,22.64,2018-04-09,06:29:17
923,107,172,[1 2 3 4 5 6 7],1528,335,209,12.4,2018-04-09,06:29:17
924,132,173,[ 1  2  3  4  5  6  7  8  9 10 11],3190,426,177,42.84,2018-04-09,06:29:17
925,263,173,[1 2 3 4 5 6 7 8 9],504,56,226,5.24,2018-04-09,06:29:17
926,215,173,[1],1750,454,6,21.34,2018-04-09,06:29:17
927,11,173,[1],1670,471,26,14.21,2018-04-09,06:29:17
928,229,173,[1 2 3 4 5 6 7 8 9],1670,142,243,14.07,2018-04-09,06:29:17
929,73,173,[1 2 3 4 5 6 7],2093,8,147,93.42,2018-04-09,06:29:17
930,338,174,[ 1  2  3  4  5  6  7  8  9 10 11],3703,306,53,16.06,2018-04-09,06:29:17
931,28,174,[1 2 3 4 5 6 7 8 9],3595,343,85,158.33,2018-04-09,06:29:17
932,241,174,[1],3202,366,149,18.29,2018-04-09,06:29:17
933,87,174,[1],3659,152,20,10.11,2018-04-09,06:29:17
934,491,174,[1 2 3 4 5 6 7 8 9],2729,164,186,11.97,2018-04-09,06:29:17
935,395,174,[1 2 3 4 5 6 7],2321,486,122,199.41,2018-04-09,06:29:17
936,290,175,[ 1  2  3  4  5  6  7  8  9 10 11],1978,388,57,7.41,2018-04-09,06:29:17
937,370,175,[1 2 3 4 5 6 7 8 9],2788,423,232,12.01,2018-04-09,06:29:17
938,59,175,[1],3070,346,72,32.31,2018-04-09,06:29:17
939,336,175,[1],234,128,33,18.37,2018-04-09,06:29:17
940,293,175,[1 2 3 4 5 6 7 8 9],3487,67,109,70.21,2018-04-09,06:29:17
941,405,175,[1 2 3 4 5 6 7],1255,170,196,38.85,2018-04-09,06:29:17
942,388,176,[1 2 3 4 5],2110,193,145,121.29,2016-11-25,08:42:30
943,97,176,[1 2 3 4 5],592,189,186,8.16,2016-11-25,08:42:30
944,220,176,[1 2 3],3176,18,233,61.65,2016-11-25,08:42:30
945,442,177,[1 2 3 4 5],2420,149,36,31.89,2016-11-25,08:42:30
946,87,177,[1 2 3 4 5],2360,41,229,624.79,2016-11-25,08:42:30
947,123,177,[1 2 3],2691,286,72,13.55,2016-11-25,08:42:30
948,378,178,[1 2 3 4 5],140,449,38,26.19,2016-11-25,08:42:30
949,240,178,[1 2 3 4 5],504,213,207,5.94,2016-11-25,08:42:30
950,17,178,[1 2 3],1328,352,139,19.23,2016-11-25,08:42:30
951,348,179,[1 2 3 4 5],1314,228,199,14.86,2010-09-17,02:49:15
952,131,179,[1 2 3 4 5 6 7 8],1772,290,45,11.62,2010-09-17,02:49:15
953,403,180,[1 2 3 4 5],168,265,33,9.78,2010-09-17,02:49:15
954,359,180,[1 2 3 4 5 6 7 8],3290,366,213,72.1,2010-09-17,02:49:15
955,18,181,[1 2 3],3413,238,53,36.49,2003-09-25,17:33:10
956,76,181,[1 2 3 4],3369,403,24,12.76,2003-09-25,17:33:10
957,267,181,[1 2 3 4 5 6 7 8],3472,202,13,4.79,2003-09-25,17:33:10
958,58,182,[1 2 3],720,201,40,123.12,2003-09-25,17:33:10
959,66,182,[1 2 3 4],1947,414,76,15.67,2003-09-25,17:33:10
960,89,182,[1 2 3 4 5 6 7 8],1356,271,75,68.95,2003-09-25,17:33:10
961,129,183,[1 2 3],1134,121,77,1079.97,2003-09-25,17:33:10
962,111,183,[1 2 3 4],1820,74,190,53.14,2003-09-25,17:33:10
963,259,183,[1 2 3 4 5 6 7 8],2591,397,10,18.61,2003-09-25,17:33:10
964,444,184,[ 1  2  3  4  5  6  7  8  9 10 11],611,338,107,1727.66,2007-06-28,19:15:03
965,128,184,[ 1  2  3  4  5  6  7  8  9 10],3442,172,140,11.92,2007-06-28,19:15:03
966,270,184,[1 2 3],1387,473,64,36.88,2007-06-28,19:15:03
967,183,184,[1 2 3 4 5 6],2816,9,240,125.34,2007-06-28,19:15:03
968,263,184,[1],1128,327,110,17.31,2007-06-28,19:15:03
969,58,185,[ 1  2  3  4  5  6  7  8  9 10 11],2444,186,18,215.48,2007-06-28,19:15:03
970,141,185,[ 1  2  3  4  5  6  7  8  9 10],3645,173,7,14.09,2007-06-28,19:15:03
971,417,185,[1 2 3],429,131,222,9.45,2007-06-28,19:15:03
972,328,185,[1 2 3 4 5 6],3734,433,236,25.13,2007-06-28,19:15:03
973,411,185,[1],1134,96,168,1072.84,2007-06-28,19:15:03
974,302,186,[ 1  2  3  4  5  6  7  8  9 10 11],3639,423,137,163.13,2007-06-28,19:15:03
975,101,186,[ 1  2  3  4  5  6  7  8  9 10],1176,276,93,1697.2,2007-06-28,19:15:03
976,333,186,[1 2 3],54,438,241,25.88,2007-06-28,19:15:03
977,244,186,[1 2 3 4 5 6],2818,260,25,185.45,2007-06-28,19:15:03
978,489,186,[1],3536,45,142,41.35,2007-06-28,19:15:03
979,333,187,[ 1  2  3  4  5  6  7  8  9 10 11],224,121,52,17.58,2007-06-28,19:15:03
980,32,187,[ 1  2  3  4  5  6  7  8  9 10],1445,244,198,18.57,2007-06-28,19:15:03
981,277,187,[1 2 3],1177,286,154,12.9,2007-06-28,19:15:03
982,493,187,[1 2 3 4 5 6],612,293,10,7.29,2007-06-28,19:15:03
983,178,187,[1],2452,398,152,26.69,2007-06-28,19:15:03
984,84,188,[ 1  2  3  4  5  6  7  8  9 10 11],909,257,205,12.59,2007-06-28,19:15:03
985,293,188,[ 1  2  3  4  5  6  7  8  9 10],1687,114,210,45.53,2007-06-28,19:15:03
986,343,188,[1 2 3],3724,214,186,17.7,2007-06-28,19:15:03
987,93,188,[1 2 3 4 5 6],2458,236,41,27.17,2007-06-28,19:15:03
988,131,188,[1],1696,465,133,11.59,2007-06-28,19:15:03
989,271,189,[1 2 3 4],3564,295,227,16.52,2002-11-12,23:38:31
990,204,189,[1 2 3 4 5 6 7 8],2502,460,235,13.88,2002-11-12,23:38:31
991,209,189,[ 1  2  3  4  5  6  7  8  9 10],564,390,247,298.87,2002-11-12,23:38:31
992,116,189,[ 1  2  3  4  5  6  7  8  9 10 11 12],3649,163,223,88.21,2002-11-12,23:38:31
993,310,189,[ 1  2  3  4  5  6  7  8  9 10 11],3391,361,72,25.96,2002-11-12,23:38:31
994,276,190,[1 2 3 4],3191,210,57,50.8,2002-11-12,23:38:31
995,459,190,[1 2 3 4 5 6 7 8],1238,183,48,913.85,2002-11-12,23:38:31
996,166,190,[ 1  2  3  4  5  6  7  8  9 10],2177,270,15,260.13,2002-11-12,23:38:31
997,200,190,[ 1  2  3  4  5  6  7  8  9 10 11 12],2472,286,239,17.46,2002-11-12,23:38:31
998,396,190,[ 1  2  3  4  5  6  7  8  9 10 11],1710,318,191,70.26,2002-11-12,23:38:31
999,497,191,[1 2 3 4],162,88,186,225.46,2002-11-12,23:38:31
1000,134,191,[1 2 3 4 5 6 7 8],1378,95,160,5.0,2002-11-12,23:38:31
1001,338,191,[ 1  2  3  4  5  6  7  8  9 10],2573,59,3,21.22,2002-11-12,23:38:31
1002,69,191,[ 1  2  3  4  5  6  7  8  9 10 11 12],2354,498,232,146.45,2002-11-12,23:38:31
1003,387,191,[ 1  2  3  4  5  6  7  8  9 10 11],548,342,221,39.67,2002-11-12,23:38:31
1004,465,192,[1 2 3 4],3758,426,124,32.26,2002-11-12,23:38:31
1005,341,192,[1 2 3 4 5 6 7 8],1386,132,200,18.76,2002-11-12,23:38:31
1006,190,192,[ 1  2  3  4  5  6  7  8  9 10],3233,38,15,39.94,2002-11-12,23:38:31
1007,211,192,[ 1  2  3  4  5  6  7  8  9 10 11 12],157,125,239,5.25,2002-11-12,23:38:31
1008,286,192,[ 1  2  3  4  5  6  7  8  9 10 11],1474,99,10,20.84,2002-11-12,23:38:31
1009,67,193,[1 2 3 4],3176,213,241,67.14,2002-11-12,23:38:31
1010,403,193,[1 2 3 4 5 6 7 8],218,291,183,20.54,2002-11-12,23:38:31
1011,141,193,[ 1  2  3  4  5  6  7  8  9 10],1312,327,16,102.68,2002-11-12,23:38:31
1012,422,193,[ 1  2  3  4  5  6  7  8  9 10 11 12],2222,34,131,152.12,2002-11-12,23:38:31
1013,343,193,[ 1  2  3  4  5  6  7  8  9 10 11],2188,134,9,55.72,2002-11-12,23:38:31
1014,437,194,[ 1  2  3  4  5  6  7  8  9 10 11 12],1523,280,169,21.85,2002-01-30,18:47:27
1015,244,194,[1 2 3 4 5 6 7 8 9],3094,197,225,23.57,2002-01-30,18:47:27
1016,328,195,[ 1  2  3  4  5  6  7  8  9 10 11 12],2152,304,232,792.52,2002-01-30,18:47:27
1017,437,195,[1 2 3 4 5 6 7 8 9],3146,435,37,42.53,2002-01-30,18:47:27
1018,278,196,[1 2 3 4 5 6],1409,318,43,19.45,2002-02-26,08:10:29
1019,343,196,[1 2 3 4 5 6 7],804,238,250,1160.87,2002-02-26,08:10:29
1020,475,196,[1 2],2540,316,241,14.66,2002-02-26,08:10:29
1021,304,196,[1],524,462,207,10.41,2002-02-26,08:10:29
1022,47,196,[1 2 3],649,340,98,789.34,2002-02-26,08:10:29
1023,238,196,[1 2 3 4 5 6 7 8],1744,209,107,18.02,2002-02-26,08:10:29
1024,354,196,[1 2 3],2459,197,141,42.55,2002-02-26,08:10:29
1025,324,197,[1 2 3 4 5 6],2941,39,205,46.01,2002-02-26,08:10:29
1026,55,197,[1 2 3 4 5 6 7],823,238,139,16.43,2002-02-26,08:10:29
1027,310,197,[1 2],2419,160,66,624.83,2002-02-26,08:10:29
1028,282,197,[1],3394,225,46,31.8,2002-02-26,08:10:29
1029,409,197,[1 2 3],3011,446,165,17.65,2002-02-26,08:10:29
1030,42,197,[1 2 3 4 5 6 7 8],2702,174,46,11.36,2002-02-26,08:10:29
1031,305,197,[1 2 3],2677,13,235,83.52,2002-02-26,08:10:29
1032,101,198,[1 2 3 4 5 6],2875,76,121,138.32,2002-02-26,08:10:29
1033,22,198,[1 2 3 4 5 6 7],39,344,62,14.46,2002-02-26,08:10:29
1034,408,198,[1 2],585,96,186,28.7,2002-02-26,08:10:29
1035,137,198,[1],1544,77,166,16.19,2002-02-26,08:10:29
1036,170,198,[1 2 3],3778,148,54,15.89,2002-02-26,08:10:29
1037,12,198,[1 2 3 4 5 6 7 8],1848,275,109,8.04,2002-02-26,08:10:29
1038,336,198,[1 2 3],30,489,241,61.82,2002-02-26,08:10:29
1039,322,199,[1 2 3 4 5 6],2082,368,210,30.33,2002-02-26,08:10:29
1040,418,199,[1 2 3 4 5 6 7],2309,66,205,392.8,2002-02-26,08:10:29
1041,294,199,[1 2],3504,365,16,33.72,2002-02-26,08:10:29
1042,134,199,[1],3228,240,9,24.45,2002-02-26,08:10:29
1043,172,199,[1 2 3],2145,386,218,1071.0,2002-02-26,08:10:29
1044,290,199,[1 2 3 4 5 6 7 8],2302,319,215,69.87,2002-02-26,08:10:29
1045,356,199,[1 2 3],2663,60,202,101.95,2002-02-26,08:10:29
1046,237,200,[1 2 3 4 5 6],958,277,244,27.52,2002-02-26,08:10:29
1047,288,200,[1 2 3 4 5 6 7],2871,292,92,13.9,2002-02-26,08:10:29
1048,120,200,[1 2],1496,268,95,11.51,2002-02-26,08:10:29
1049,261,200,[1],3062,161,71,9.34,2002-02-26,08:10:29
1050,10,200,[1 2 3],258,377,108,14.36,2002-02-26,08:10:29
1051,123,200,[1 2 3 4 5 6 7 8],3711,120,59,16.29,2002-02-26,08:10:29
1052,348,200,[1 2 3],617,225,83,22.3,2002-02-26,08:10:29
1053,495,201,[1 2 3 4 5 6],1141,4,12,13.5,2002-02-26,08:10:29
1054,428,201,[1 2 3 4 5 6 7],3788,361,129,137.59,2002-02-26,08:10:29
1055,474,201,[1 2],76,198,162,11.56,2002-02-26,08:10:29
1056,339,201,[1],1932,440,211,10.81,2002-02-26,08:10:29
1057,189,201,[1 2 3],114,76,15,15.37,2002-02-26,08:10:29
1058,490,201,[1 2 3 4 5 6 7 8],2666,197,155,19.3,2002-02-26,08:10:29
1059,402,201,[1 2 3],3446,276,163,4.91,2002-02-26,08:10:29
1060,385,202,[1 2 3 4 5 6],1247,320,156,15.99,2002-02-26,08:10:29
1061,75,202,[1 2 3 4 5 6 7],2700,377,198,15.11,2002-02-26,08:10:29
1062,449,202,[1 2],1266,162,224,64.24,2002-02-26,08:10:29
1063,243,202,[1],615,448,170,8.58,2002-02-26,08:10:29
1064,116,202,[1 2 3],2874,418,200,505.4,2002-02-26,08:10:29
1065,108,202,[1 2 3 4 5 6 7 8],834,189,224,40.2,2002-02-26,08:10:29
1066,213,202,[1 2 3],2714,282,208,29.09,2002-02-26,08:10:29
1067,426,203,[1 2 3 4 5 6 7 8],608,110,127,11.24,2003-11-16,19:31:41
1068,188,203,[1 2 3 4 5],1940,498,71,20.13,2003-11-16,19:31:41
1069,133,203,[1 2 3 4 5 6 7 8 9],1130,280,249,1651.02,2003-11-16,19:31:41
1070,205,203,[1 2 3 4 5 6 7 8],921,124,160,12.85,2003-11-16,19:31:41
1071,298,203,[1 2 3 4],142,135,226,29.34,2003-11-16,19:31:41
1072,146,203,[1 2 3],1282,402,197,24.8,2003-11-16,19:31:41
1073,4,204,[1 2 3 4 5 6 7 8],1745,452,50,22.92,2003-11-16,19:31:41
1074,43,204,[1 2 3 4 5],1081,156,75,28.55,2003-11-16,19:31:41
1075,89,204,[1 2 3 4 5 6 7 8 9],1978,41,201,7.37,2003-11-16,19:31:41
1076,26,204,[1 2 3 4 5 6 7 8],504,315,4,5.45,2003-11-16,19:31:41
1077,158,204,[1 2 3 4],210,31,139,870.33,2003-11-16,19:31:41
1078,162,204,[1 2 3],3431,492,231,127.17,2003-11-16,19:31:41
1079,13,205,[1 2 3 4 5 6 7 8],3345,471,116,61.29,2003-11-16,19:31:41
1080,19,205,[1 2 3 4 5],2702,174,155,11.36,2003-11-16,19:31:41
1081,308,205,[1 2 3 4 5 6 7 8 9],448,443,125,43.01,2003-11-16,19:31:41
1082,285,205,[1 2 3 4 5 6 7 8],3104,189,79,7.29,2003-11-16,19:31:41
1083,479,205,[1 2 3 4],903,257,163,2334.9,2003-11-16,19:31:41
1084,354,205,[1 2 3],1368,392,221,9.14,2003-11-16,19:31:41
1085,421,206,[1 2 3 4 5 6 7 8],1296,239,226,9.34,2003-11-16,19:31:41
1086,289,206,[1 2 3 4 5],711,64,199,10.39,2003-11-16,19:31:41
1087,408,206,[1 2 3 4 5 6 7 8 9],2962,208,43,126.12,2003-11-16,19:31:41
1088,199,206,[1 2 3 4 5 6 7 8],1074,76,100,33.29,2003-11-16,19:31:41
1089,194,206,[1 2 3 4],2493,128,128,19.97,2003-11-16,19:31:41
1090,423,206,[1 2 3],1538,346,191,231.99,2003-11-16,19:31:41
1091,442,207,[1 2 3 4 5 6 7 8],666,8,144,20.87,2003-11-16,19:31:41
1092,128,207,[1 2 3 4 5],1138,209,87,30.42,2003-11-16,19:31:41
1093,155,207,[1 2 3 4 5 6 7 8 9],1123,262,249,39.04,2003-11-16,19:31:41
1094,144,207,[1 2 3 4 5 6 7 8],313,157,243,17.45,2003-11-16,19:31:41
1095,480,207,[1 2 3 4],2203,35,133,797.56,2003-11-16,19:31:41
1096,3,207,[1 2 3],2604,100,91,1060.46,2003-11-16,19:31:41
1097,212,208,[1 2 3 4 5 6 7 8],1538,346,70,231.99,2003-11-16,19:31:41
1098,119,208,[1 2 3 4 5],397,67,187,17.44,2003-11-16,19:31:41
1099,280,208,[1 2 3 4 5 6 7 8 9],1478,369,18,8.26,2003-11-16,19:31:41
1100,493,208,[1 2 3 4 5 6 7 8],2569,437,144,62.46,2003-11-16,19:31:41
1101,233,208,[1 2 3 4],2617,252,226,41.88,2003-11-16,19:31:41
1102,109,208,[1 2 3],3148,388,98,17.89,2003-11-16,19:31:41
1103,176,209,[1 2 3 4],1960,115,155,9.56,2018-09-06,13:35:57
1104,136,209,[ 1  2  3  4  5  6  7  8  9 10],1333,285,182,39.36,2018-09-06,13:35:57
1105,442,209,[1 2 3 4 5 6 7],1608,390,187,172.9,2018-09-06,13:35:57
1106,154,209,[ 1  2  3  4  5  6  7  8  9 10 11 12],3536,212,131,43.0,2018-09-06,13:35:57
1107,362,209,[ 1  2  3  4  5  6  7  8  9 10],3682,108,40,77.03,2018-09-06,13:35:57
1108,170,209,[ 1  2  3  4  5  6  7  8  9 10 11 12],1185,227,231,91.12,2018-09-06,13:35:57
1109,299,209,[ 1  2  3  4  5  6  7  8  9 10],834,38,221,37.12,2018-09-06,13:35:57
1110,291,209,[1 2 3 4 5],3432,485,171,5.81,2018-09-06,13:35:57
1111,67,210,[1 2 3 4],2,314,244,29.59,2018-09-06,13:35:57
1112,19,210,[ 1  2  3  4  5  6  7  8  9 10],548,63,42,36.35,2018-09-06,13:35:57
1113,60,210,[1 2 3 4 5 6 7],3277,81,208,324.47,2018-09-06,13:35:57
1114,384,210,[ 1  2  3  4  5  6  7  8  9 10 11 12],1797,85,209,14.95,2018-09-06,13:35:57
1115,406,210,[ 1  2  3  4  5  6  7  8  9 10],3277,28,239,301.68,2018-09-06,13:35:57
1116,243,210,[ 1  2  3  4  5  6  7  8  9 10 11 12],1551,130,219,8.91,2018-09-06,13:35:57
1117,280,210,[ 1  2  3  4  5  6  7  8  9 10],3733,93,194,269.95,2018-09-06,13:35:57
1118,440,210,[1 2 3 4 5],3784,383,146,25.94,2018-09-06,13:35:57
1119,431,211,[1 2 3 4],1624,267,230,9.79,2018-09-06,13:35:57
1120,408,211,[ 1  2  3  4  5  6  7  8  9 10],3026,68,163,15.93,2018-09-06,13:35:57
1121,386,211,[1 2 3 4 5 6 7],2438,328,161,26.13,2018-09-06,13:35:57
1122,305,211,[ 1  2  3  4  5  6  7  8  9 10 11 12],1514,370,183,12.23,2018-09-06,13:35:57
1123,330,211,[ 1  2  3  4  5  6  7  8  9 10],1139,21,151,16.87,2018-09-06,13:35:57
1124,420,211,[ 1  2  3  4  5  6  7  8  9 10 11 12],2326,152,91,620.79,2018-09-06,13:35:57
1125,410,211,[ 1  2  3  4  5  6  7  8  9 10],311,251,55,67.72,2018-09-06,13:35:57
1126,450,211,[1 2 3 4 5],3497,281,105,14.9,2018-09-06,13:35:57
1127,40,212,[1 2 3 4],1018,435,230,28.86,2018-09-06,13:35:57
1128,360,212,[ 1  2  3  4  5  6  7  8  9 10],445,433,81,12.51,2018-09-06,13:35:57
1129,6,212,[1 2 3 4 5 6 7],1272,396,232,19.33,2018-09-06,13:35:57
1130,85,212,[ 1  2  3  4  5  6  7  8  9 10 11 12],3805,377,25,10.75,2018-09-06,13:35:57
1131,347,212,[ 1  2  3  4  5  6  7  8  9 10],163,322,99,380.37,2018-09-06,13:35:57
1132,266,212,[ 1  2  3  4  5  6  7  8  9 10 11 12],3502,32,8,651.83,2018-09-06,13:35:57
1133,268,212,[ 1  2  3  4  5  6  7  8  9 10],967,92,7,26.28,2018-09-06,13:35:57
1134,143,212,[1 2 3 4 5],3564,216,9,13.67,2018-09-06,13:35:57
1135,116,213,[1 2 3 4],0,216,107,56.41,2018-09-06,13:35:57
1136,309,213,[ 1  2  3  4  5  6  7  8  9 10],1037,79,164,78.52,2018-09-06,13:35:57
1137,485,213,[1 2 3 4 5 6 7],2524,334,140,10.82,2018-09-06,13:35:57
1138,99,213,[ 1  2  3  4  5  6  7  8  9 10 11 12],3751,72,61,26.85,2018-09-06,13:35:57
1139,60,213,[ 1  2  3  4  5  6  7  8  9 10],2813,401,1,19.52,2018-09-06,13:35:57
1140,95,213,[ 1  2  3  4  5  6  7  8  9 10 11 12],640,28,217,37.4,2018-09-06,13:35:57
1141,130,213,[ 1  2  3  4  5  6  7  8  9 10],2702,322,89,14.15,2018-09-06,13:35:57
1142,57,213,[1 2 3 4 5],3745,169,100,45.54,2018-09-06,13:35:57
1143,332,214,[1 2 3 4],2193,274,218,886.15,2018-09-06,13:35:57
1144,282,214,[ 1  2  3  4  5  6  7  8  9 10],28,448,173,13.07,2018-09-06,13:35:57
1145,254,214,[1 2 3 4 5 6 7],2726,188,100,5.37,2018-09-06,13:35:57
1146,18,214,[ 1  2  3  4  5  6  7  8  9 10 11 12],1794,365,74,75.22,2018-09-06,13:35:57
1147,403,214,[ 1  2  3  4  5  6  7  8  9 10],1739,86,43,20.28,2018-09-06,13:35:57
1148,360,214,[ 1  2  3  4  5  6  7  8  9 10 11 12],2566,421,219,15.3,2018-09-06,13:35:57
1149,277,214,[ 1  2  3  4  5  6  7  8  9 10],1932,440,129,10.81,2018-09-06,13:35:57
1150,86,214,[1 2 3 4 5],676,254,62,38.59,2018-09-06,13:35:57
1151,444,215,[1 2 3 4],25,330,213,7.65,2018-09-06,13:35:57
1152,456,215,[ 1  2  3  4  5  6  7  8  9 10],3498,300,139,22.7,2018-09-06,13:35:57
1153,498,215,[1 2 3 4 5 6 7],3064,424,179,121.23,2018-09-06,13:35:57
1154,41,215,[ 1  2  3  4  5  6  7  8  9 10 11 12],2665,410,67,363.35,2018-09-06,13:35:57
1155,201,215,[ 1  2  3  4  5  6  7  8  9 10],1099,238,217,20.32,2018-09-06,13:35:57
1156,113,215,[ 1  2  3  4  5  6  7  8  9 10 11 12],535,134,22,21.98,2018-09-06,13:35:57
1157,203,215,[ 1  2  3  4  5  6  7  8  9 10],2261,449,72,525.98,2018-09-06,13:35:57
1158,239,215,[1 2 3 4 5],1203,111,58,36.31,2018-09-06,13:35:57
1159,114,216,[1 2 3 4],2208,376,188,245.17,2018-09-06,13:35:57
1160,46,216,[ 1  2  3  4  5  6  7  8  9 10],2369,186,244,641.63,2018-09-06,13:35:57
1161,484,216,[1 2 3 4 5 6 7],454,208,48,14.95,2018-09-06,13:35:57
1162,279,216,[ 1  2  3  4  5  6  7  8  9 10 11 12],1474,202,123,19.01,2018-09-06,13:35:57
1163,467,216,[ 1  2  3  4  5  6  7  8  9 10],1542,35,14,15.34,2018-09-06,13:35:57
1164,85,216,[ 1  2  3  4  5  6  7  8  9 10 11 12],111,56,225,7.21,2018-09-06,13:35:57
1165,97,216,[ 1  2  3  4  5  6  7  8  9 10],2564,115,158,8.26,2018-09-06,13:35:57
1166,350,216,[1 2 3 4 5],3813,3,124,40.27,2018-09-06,13:35:57
1167,190,217,[1 2 3 4 5 6 7 8],1309,176,112,67.18,2012-10-11,17:04:08
1168,378,217,[1],2960,241,16,21.74,2012-10-11,17:04:08
1169,333,217,[1 2 3 4 5 6],1740,247,249,44.91,2012-10-11,17:04:08
1170,12,217,[1 2 3 4 5],2816,50,88,134.13,2012-10-11,17:04:08
1171,438,217,[1 2 3 4 5 6],412,174,28,29.93,2012-10-11,17:04:08
1172,112,217,[1 2 3 4],3539,277,238,8.49,2012-10-11,17:04:08
1173,175,218,[1 2 3 4 5 6 7 8],3196,17,30,72.5,2012-10-11,17:04:08
1174,319,218,[1],2234,210,39,256.4,2012-10-11,17:04:08
1175,30,218,[1 2 3 4 5 6],939,378,218,63.31,2012-10-11,17:04:08
1176,73,218,[1 2 3 4 5],2842,243,6,110.67,2012-10-11,17:04:08
1177,444,218,[1 2 3 4 5 6],1769,257,74,8.62,2012-10-11,17:04:08
1178,210,218,[1 2 3 4],1982,12,114,12.66,2012-10-11,17:04:08
1179,482,219,[1 2 3 4 5 6 7 8],723,455,216,34.09,2012-10-11,17:04:08
1180,371,219,[1],3504,398,152,34.95,2012-10-11,17:04:08
1181,294,219,[1 2 3 4 5 6],1879,146,137,8.85,2012-10-11,17:04:08
1182,362,219,[1 2 3 4 5],3280,28,165,136.6,2012-10-11,17:04:08
1183,411,219,[1 2 3 4 5 6],1738,409,208,8.6,2012-10-11,17:04:08
1184,97,219,[1 2 3 4],2152,304,231,792.52,2012-10-11,17:04:08
1185,239,220,[1 2 3 4 5 6 7 8],3022,378,235,38.47,2012-10-11,17:04:08
1186,347,220,[1],2723,477,141,35.28,2012-10-11,17:04:08
1187,66,220,[1 2 3 4 5 6],1961,4,196,49.62,2012-10-11,17:04:08
1188,437,220,[1 2 3 4 5],2253,51,23,869.93,2012-10-11,17:04:08
1189,342,220,[1 2 3 4 5 6],2033,415,65,21.64,2012-10-11,17:04:08
1190,216,220,[1 2 3 4],916,113,204,14.88,2012-10-11,17:04:08
1191,409,221,[1 2 3 4 5 6 7 8],3604,9,95,8.62,2012-10-11,17:04:08
1192,242,221,[1],2628,303,26,41.8,2012-10-11,17:04:08
1193,465,221,[1 2 3 4 5 6],3719,99,42,14.7,2012-10-11,17:04:08
1194,193,221,[1 2 3 4 5],3443,176,50,8.2,2012-10-11,17:04:08
1195,391,221,[1 2 3 4 5 6],2535,39,116,31.12,2012-10-11,17:04:08
1196,346,221,[1 2 3 4],3371,285,78,28.89,2012-10-11,17:04:08
1197,149,222,[1 2 3 4 5 6 7 8],1657,474,197,18.62,2012-10-11,17:04:08
1198,409,222,[1],3313,152,172,11.7,2012-10-11,17:04:08
1199,67,222,[1 2 3 4 5 6],994,215,135,17.42,2012-10-11,17:04:08
1200,134,222,[1 2 3 4 5],2554,89,239,28.92,2012-10-11,17:04:08
1201,36,222,[1 2 3 4 5 6],2211,127,161,149.71,2012-10-11,17:04:08
1202,407,222,[1 2 3 4],1125,320,39,81.86,2012-10-11,17:04:08
1203,317,223,[1 2 3 4 5 6 7 8 9],1941,355,191,32.14,2006-02-11,00:43:55
1204,275,223,[1 2 3 4 5 6 7],3666,4,168,18.51,2006-02-11,00:43:55
1205,43,223,[ 1  2  3  4  5  6  7  8  9 10 11 12],623,282,68,67.35,2006-02-11,00:43:55
1206,296,223,[1 2 3 4],3300,475,67,21.02,2006-02-11,00:43:55
1207,205,223,[1 2 3 4 5 6 7 8 9],1947,68,208,15.55,2006-02-11,00:43:55
1208,489,223,[1 2 3 4 5 6],3732,33,120,66.63,2006-02-11,00:43:55
1209,171,223,[1 2 3 4 5 6 7 8],3580,19,213,56.4,2006-02-11,00:43:55
1210,81,223,[1 2 3 4 5 6 7 8],2252,14,133,723.33,2006-02-11,00:43:55
1211,317,224,[1 2 3 4 5 6 7 8 9],2125,446,75,123.06,2006-02-11,00:43:55
1212,19,224,[1 2 3 4 5 6 7],2431,486,22,66.61,2006-02-11,00:43:55
1213,414,224,[ 1  2  3  4  5  6  7  8  9 10 11 12],3006,320,51,17.65,2006-02-11,00:43:55
1214,123,224,[1 2 3 4],1089,297,135,19.06,2006-02-11,00:43:55
1215,354,224,[1 2 3 4 5 6 7 8 9],2268,128,155,267.96,2006-02-11,00:43:55
1216,365,224,[1 2 3 4 5 6],3112,102,50,24.87,2006-02-11,00:43:55
1217,23,224,[1 2 3 4 5 6 7 8],690,0,235,11.84,2006-02-11,00:43:55
1218,201,224,[1 2 3 4 5 6 7 8],1176,208,4,1738.34,2006-02-11,00:43:55
1219,116,225,[1 2 3 4 5 6 7 8 9],2450,295,87,6.94,2006-02-11,00:43:55
1220,265,225,[1 2 3 4 5 6 7],39,437,144,16.08,2006-02-11,00:43:55
1221,10,225,[ 1  2  3  4  5  6  7  8  9 10 11 12],3502,183,231,724.5,2006-02-11,00:43:55
1222,240,225,[1 2 3 4],1957,253,234,45.88,2006-02-11,00:43:55
1223,109,225,[1 2 3 4 5 6 7 8 9],3337,79,228,9.38,2006-02-11,00:43:55
1224,134,225,[1 2 3 4 5 6],1667,176,90,8.44,2006-02-11,00:43:55
1225,494,225,[1 2 3 4 5 6 7 8],2781,463,60,7.27,2006-02-11,00:43:55
1226,153,225,[1 2 3 4 5 6 7 8],373,420,175,54.52,2006-02-11,00:43:55
1227,377,226,[1 2 3 4 5 6 7 8 9],295,67,118,137.39,2006-02-11,00:43:55
1228,275,226,[1 2 3 4 5 6 7],1938,116,126,125.87,2006-02-11,00:43:55
1229,397,226,[ 1  2  3  4  5  6  7  8  9 10 11 12],895,334,61,33.9,2006-02-11,00:43:55
1230,471,226,[1 2 3 4],1372,492,37,205.93,2006-02-11,00:43:55
1231,38,226,[1 2 3 4 5 6 7 8 9],2745,166,109,43.0,2006-02-11,00:43:55
1232,342,226,[1 2 3 4 5 6],2835,250,33,124.92,2006-02-11,00:43:55
1233,57,226,[1 2 3 4 5 6 7 8],3395,102,171,56.99,2006-02-11,00:43:55
1234,20,226,[1 2 3 4 5 6 7 8],2936,296,75,65.67,2006-02-11,00:43:55
1235,236,227,[1 2 3 4 5 6 7 8 9],1366,310,205,13.0,2006-02-11,00:43:55
1236,406,227,[1 2 3 4 5 6 7],1723,152,68,7.53,2006-02-11,00:43:55
1237,115,227,[ 1  2  3  4  5  6  7  8  9 10 11 12],1947,414,216,15.67,2006-02-11,00:43:55
1238,81,227,[1 2 3 4],723,23,210,33.01,2006-02-11,00:43:55
1239,445,227,[1 2 3 4 5 6 7 8 9],2709,56,250,98.57,2006-02-11,00:43:55
1240,43,227,[1 2 3 4 5 6],2608,439,223,26.02,2006-02-11,00:43:55
1241,81,227,[1 2 3 4 5 6 7 8],965,69,99,17.94,2006-02-11,00:43:55
1242,299,227,[1 2 3 4 5 6 7 8],1813,229,83,38.12,2006-02-11,00:43:55
1243,469,228,[1 2 3 4 5 6 7 8 9],850,467,239,1214.07,2006-02-11,00:43:55
1244,194,228,[1 2 3 4 5 6 7],3754,158,204,39.66,2006-02-11,00:43:55
1245,162,228,[ 1  2  3  4  5  6  7  8  9 10 11 12],3608,120,100,145.62,2006-02-11,00:43:55
1246,440,228,[1 2 3 4],684,49,134,19.07,2006-02-11,00:43:55
1247,272,228,[1 2 3 4 5 6 7 8 9],893,30,185,10.01,2006-02-11,00:43:55
1248,4,228,[1 2 3 4 5 6],3004,183,100,18.81,2006-02-11,00:43:55
1249,17,228,[1 2 3 4 5 6 7 8],3272,427,48,10.63,2006-02-11,00:43:55
1250,303,228,[1 2 3 4 5 6 7 8],3790,103,181,37.85,2006-02-11,00:43:55
1251,203,229,[1 2 3 4 5 6 7 8 9],2006,420,18,28.96,2006-02-11,00:43:55
1252,390,229,[1 2 3 4 5 6 7],2191,364,173,239.33,2006-02-11,00:43:55
1253,130,229,[ 1  2  3  4  5  6  7  8  9 10 11 12],2550,494,145,53.27,2006-02-11,00:43:55
1254,428,229,[1 2 3 4],1212,172,100,9.34,2006-02-11,00:43:55
1255,128,229,[1 2 3 4 5 6 7 8 9],278,85,234,19.69,2006-02-11,00:43:55
1256,25,229,[1 2 3 4 5 6],2475,128,36,21.62,2006-02-11,00:43:55
1257,69,229,[1 2 3 4 5 6 7 8],1987,79,134,50.9,2006-02-11,00:43:55
1258,183,229,[1 2 3 4 5 6 7 8],2850,166,106,115.58,2006-02-11,00:43:55
1259,62,230,[1 2 3 4 5 6 7 8 9],2208,331,206,257.92,2006-02-11,00:43:55
1260,235,230,[1 2 3 4 5 6 7],344,486,228,29.77,2006-02-11,00:43:55
1261,475,230,[ 1  2  3  4  5  6  7  8  9 10 11 12],3165,292,102,129.58,2006-02-11,00:43:55
1262,227,230,[1 2 3 4],3748,190,232,17.2,2006-02-11,00:43:55
1263,216,230,[1 2 3 4 5 6 7 8 9],2911,67,104,8.9,2006-02-11,00:43:55
1264,67,230,[1 2 3 4 5 6],1662,412,158,11.24,2006-02-11,00:43:55
1265,450,230,[1 2 3 4 5 6 7 8],1896,244,62,6.51,2006-02-11,00:43:55
1266,75,230,[1 2 3 4 5 6 7 8],3732,192,111,53.48,2006-02-11,00:43:55
1267,499,231,[1 2 3],2709,219,3,105.86,2019-06-28,22:53:32
1268,157,232,[1 2 3 4 5 6 7 8 9],1415,206,226,39.64,2015-11-14,23:30:56
1269,70,232,[1 2 3 4 5 6],1338,32,74,21.65,2015-11-14,23:30:56
1270,210,232,[ 1  2  3  4  5  6  7  8  9 10 11 12],1240,353,208,23.03,2015-11-14,23:30:56
1271,72,232,[ 1  2  3  4  5  6  7  8  9 10 11],215,155,188,1018.57,2015-11-14,23:30:56
1272,493,232,[1 2 3 4 5 6 7 8 9],1932,409,72,10.82,2015-11-14,23:30:56
1273,485,232,[1 2 3],1696,335,87,13.85,2015-11-14,23:30:56
1274,263,233,[1 2 3 4 5 6 7 8 9],1470,398,63,5.42,2015-11-14,23:30:56
1275,363,233,[1 2 3 4 5 6],3210,41,129,41.75,2015-11-14,23:30:56
1276,321,233,[ 1  2  3  4  5  6  7  8  9 10 11 12],413,102,34,37.2,2015-11-14,23:30:56
1277,408,233,[ 1  2  3  4  5  6  7  8  9 10 11],1183,26,42,32.42,2015-11-14,23:30:56
1278,291,233,[1 2 3 4 5 6 7 8 9],2128,90,89,540.34,2015-11-14,23:30:56
1279,70,233,[1 2 3],331,309,16,10.98,2015-11-14,23:30:56
1280,366,234,[1 2 3 4 5 6 7 8 9],1232,469,86,13.38,2015-11-14,23:30:56
1281,347,234,[1 2 3 4 5 6],676,17,239,39.22,2015-11-14,23:30:56
1282,73,234,[ 1  2  3  4  5  6  7  8  9 10 11 12],221,439,178,212.9,2015-11-14,23:30:56
1283,160,234,[ 1  2  3  4  5  6  7  8  9 10 11],2058,269,44,13.88,2015-11-14,23:30:56
1284,224,234,[1 2 3 4 5 6 7 8 9],1737,443,45,35.56,2015-11-14,23:30:56
1285,308,234,[1 2 3],1102,258,33,16.3,2015-11-14,23:30:56
1286,107,235,[1 2 3 4 5 6 7 8 9],2873,149,119,19.41,2015-11-14,23:30:56
1287,352,235,[1 2 3 4 5 6],3797,113,12,149.92,2015-11-14,23:30:56
1288,185,235,[ 1  2  3  4  5  6  7  8  9 10 11 12],3663,308,95,86.7,2015-11-14,23:30:56
1289,494,235,[ 1  2  3  4  5  6  7  8  9 10 11],57,463,73,1149.78,2015-11-14,23:30:56
1290,296,235,[1 2 3 4 5 6 7 8 9],2687,292,133,70.59,2015-11-14,23:30:56
1291,128,235,[1 2 3],1040,137,136,42.88,2015-11-14,23:30:56
1292,432,236,[1 2 3 4 5 6 7 8 9],998,367,29,31.22,2015-11-14,23:30:56
1293,38,236,[1 2 3 4 5 6],1754,461,96,21.48,2015-11-14,23:30:56
1294,258,236,[ 1  2  3  4  5  6  7  8  9 10 11 12],1840,458,103,11.58,2015-11-14,23:30:56
1295,381,236,[ 1  2  3  4  5  6  7  8  9 10 11],3258,418,129,7.12,2015-11-14,23:30:56
1296,292,236,[1 2 3 4 5 6 7 8 9],1580,174,194,16.85,2015-11-14,23:30:56
1297,214,236,[1 2 3],3458,60,168,9.43,2015-11-14,23:30:56
1298,385,237,[1 2 3 4 5 6 7 8 9],3261,496,184,28.95,2015-11-14,23:30:56
1299,426,237,[1 2 3 4 5 6],2430,320,7,14.09,2015-11-14,23:30:56
1300,133,237,[ 1  2  3  4  5  6  7  8  9 10 11 12],3662,188,116,123.74,2015-11-14,23:30:56
1301,494,237,[ 1  2  3  4  5  6  7  8  9 10 11],3040,110,234,19.99,2015-11-14,23:30:56
1302,360,237,[1 2 3 4 5 6 7 8 9],2821,74,186,18.86,2015-11-14,23:30:56
1303,52,237,[1 2 3],3814,83,171,50.58,2015-11-14,23:30:56
1304,474,238,[ 1  2  3  4  5  6  7  8  9 10 11 12],2849,143,233,14.68,2004-08-14,14:09:07
1305,46,238,[ 1  2  3  4  5  6  7  8  9 10 11],2637,129,102,11.53,2004-08-14,14:09:07
1306,41,238,[1 2 3 4 5 6 7],2028,57,89,10.75,2004-08-14,14:09:07
1307,322,238,[1 2 3 4 5 6 7 8],381,164,15,73.14,2004-08-14,14:09:07
1308,492,239,[ 1  2  3  4  5  6  7  8  9 10 11 12],1445,189,122,21.18,2004-08-14,14:09:07
1309,70,239,[ 1  2  3  4  5  6  7  8  9 10 11],774,495,178,70.73,2004-08-14,14:09:07
1310,482,239,[1 2 3 4 5 6 7],1155,364,1,39.19,2004-08-14,14:09:07
1311,311,239,[1 2 3 4 5 6 7 8],2975,144,11,19.97,2004-08-14,14:09:07
1312,157,240,[ 1  2  3  4  5  6  7  8  9 10 11 12],790,123,156,165.8,2004-08-14,14:09:07
1313,128,240,[ 1  2  3  4  5  6  7  8  9 10 11],3779,184,17,8.6,2004-08-14,14:09:07
1314,77,240,[1 2 3 4 5 6 7],3622,370,146,20.86,2004-08-14,14:09:07
1315,15,240,[1 2 3 4 5 6 7 8],2847,167,221,14.11,2004-08-14,14:09:07
1316,94,241,[ 1  2  3  4  5  6  7  8  9 10 11 12],3023,365,237,26.05,2004-08-14,14:09:07
1317,105,241,[ 1  2  3  4  5  6  7  8  9 10 11],1742,189,49,38.05,2004-08-14,14:09:07
1318,313,241,[1 2 3 4 5 6 7],1029,330,231,137.08,2004-08-14,14:09:07
1319,59,241,[1 2 3 4 5 6 7 8],2186,172,7,65.28,2004-08-14,14:09:07
1320,198,242,[1 2],3762,496,60,33.34,2001-09-21,14:32:53
1321,255,242,[1 2],1735,151,187,12.45,2001-09-21,14:32:53
1322,32,243,[1 2],1900,53,196,5.77,2001-09-21,14:32:53
1323,330,243,[1 2],933,408,105,8.4,2001-09-21,14:32:53
1324,309,244,[ 1  2  3  4  5  6  7  8  9 10],2017,436,220,17.03,2010-12-22,04:29:06
1325,443,244,[1 2 3 4 5 6],3479,282,198,29.53,2010-12-22,04:29:06
1326,69,245,[ 1  2  3  4  5  6  7  8  9 10],1633,153,231,12.57,2010-12-22,04:29:06
1327,193,245,[1 2 3 4 5 6],3610,188,152,10.79,2010-12-22,04:29:06
1328,347,246,[1 2 3 4 5 6 7 8 9],747,19,233,63.1,2014-03-17,13:59:04
1329,402,246,[ 1  2  3  4  5  6  7  8  9 10 11 12],2264,348,248,1145.96,2014-03-17,13:59:04
1330,423,246,[1 2],1968,393,200,13.93,2014-03-17,13:59:04
1331,165,246,[ 1  2  3  4  5  6  7  8  9 10 11 12],1903,479,13,17.92,2014-03-17,13:59:04
1332,465,247,[1 2 3 4 5 6 7 8 9],630,163,84,10.06,2014-03-17,13:59:04
1333,400,247,[ 1  2  3  4  5  6  7  8  9 10 11 12],311,129,91,74.34,2014-03-17,13:59:04
1334,327,247,[1 2],136,46,217,24.94,2014-03-17,13:59:04
1335,378,247,[ 1  2  3  4  5  6  7  8  9 10 11 12],3487,67,241,70.21,2014-03-17,13:59:04
1336,122,248,[1 2 3 4 5 6 7 8 9],2254,357,86,1141.62,2014-03-17,13:59:04
1337,143,248,[ 1  2  3  4  5  6  7  8  9 10 11 12],2287,153,36,869.03,2014-03-17,13:59:04
1338,213,248,[1 2],890,434,16,50.92,2014-03-17,13:59:04
1339,0,248,[ 1  2  3  4  5  6  7  8  9 10 11 12],1881,210,203,11.26,2014-03-17,13:59:04
1340,189,249,[1 2 3 4 5 6 7 8 9],393,151,103,14.87,2014-03-17,13:59:04
1341,452,249,[ 1  2  3  4  5  6  7  8  9 10 11 12],3195,212,51,62.02,2014-03-17,13:59:04
1342,246,249,[1 2],2355,449,82,253.71,2014-03-17,13:59:04
1343,5,249,[ 1  2  3  4  5  6  7  8  9 10 11 12],1460,483,158,30.64,2014-03-17,13:59:04
1344,441,250,[1 2 3 4 5 6 7 8 9],808,47,46,19.08,2005-10-17,20:32:30
1345,371,250,[1],3300,125,64,20.31,2005-10-17,20:32:30
1346,223,251,[1 2 3 4 5 6 7 8 9],728,103,16,62.89,2005-10-17,20:32:30
1347,99,251,[1],1023,157,168,35.47,2005-10-17,20:32:30
1348,33,252,[ 1  2  3  4  5  6  7  8  9 10],1064,192,9,107.19,2009-09-02,16:31:01
1349,22,252,[1 2],3748,264,86,16.8,2009-09-02,16:31:01
1350,125,252,[ 1  2  3  4  5  6  7  8  9 10 11 12],2142,182,80,784.68,2009-09-02,16:31:01
1351,413,252,[1 2 3 4 5 6 7],3457,104,68,18.67,2009-09-02,16:31:01
1352,54,252,[1 2 3 4 5 6 7 8 9],1898,360,166,10.1,2009-09-02,16:31:01
1353,151,253,[ 1  2  3  4  5  6  7  8  9 10],916,129,202,14.22,2009-09-02,16:31:01
1354,419,253,[1 2],2014,243,134,11.54,2009-09-02,16:31:01
1355,348,253,[ 1  2  3  4  5  6  7  8  9 10 11 12],3812,172,135,99.76,2009-09-02,16:31:01
1356,31,253,[1 2 3 4 5 6 7],1552,270,186,21.58,2009-09-02,16:31:01
1357,333,253,[1 2 3 4 5 6 7 8 9],301,272,128,25.12,2009-09-02,16:31:01
1358,458,254,[ 1  2  3  4  5  6  7  8  9 10],664,1,30,22.22,2009-09-02,16:31:01
1359,345,254,[1 2],569,55,74,22.62,2009-09-02,16:31:01
1360,276,254,[ 1  2  3  4  5  6  7  8  9 10 11 12],2768,188,223,28.34,2009-09-02,16:31:01
1361,218,254,[1 2 3 4 5 6 7],2241,330,27,213.51,2009-09-02,16:31:01
1362,139,254,[1 2 3 4 5 6 7 8 9],3564,165,91,14.0,2009-09-02,16:31:01
1363,454,255,[ 1  2  3  4  5  6  7  8  9 10],353,422,249,1106.86,2009-09-02,16:31:01
1364,187,255,[1 2],84,449,62,10.83,2009-09-02,16:31:01
1365,20,255,[ 1  2  3  4  5  6  7  8  9 10 11 12],939,12,246,63.18,2009-09-02,16:31:01
1366,198,255,[1 2 3 4 5 6 7],119,480,118,8.54,2009-09-02,16:31:01
1367,206,255,[1 2 3 4 5 6 7 8 9],3079,167,238,24.68,2009-09-02,16:31:01
1368,146,256,[ 1  2  3  4  5  6  7  8  9 10],3189,300,193,2.32,2009-09-02,16:31:01
1369,17,256,[1 2],1626,36,85,4.33,2009-09-02,16:31:01
1370,189,256,[ 1  2  3  4  5  6  7  8  9 10 11 12],2519,208,179,48.89,2009-09-02,16:31:01
1371,69,256,[1 2 3 4 5 6 7],961,89,109,43.26,2009-09-02,16:31:01
1372,167,256,[1 2 3 4 5 6 7 8 9],1893,376,162,6.17,2009-09-02,16:31:01
1373,226,257,[ 1  2  3  4  5  6  7  8  9 10],764,324,220,64.6,2011-04-22,13:58:21
1374,105,257,[ 1  2  3  4  5  6  7  8  9 10 11 12],3349,366,123,448.13,2011-04-22,13:58:21
1375,167,257,[1 2 3 4 5 6],2252,68,137,769.16,2011-04-22,13:58:21
1376,283,257,[ 1  2  3  4  5  6  7  8  9 10 11 12],264,368,158,11.58,2011-04-22,13:58:21
1377,96,257,[1 2 3 4 5 6 7],849,414,48,48.21,2011-04-22,13:58:21
1378,476,257,[1 2 3 4 5 6],3743,343,88,189.37,2011-04-22,13:58:21
1379,140,257,[ 1  2  3  4  5  6  7  8  9 10 11 12],2854,289,61,21.02,2011-04-22,13:58:21
1380,223,258,[ 1  2  3  4  5  6  7  8  9 10],3352,160,13,13.56,2011-04-22,13:58:21
1381,109,258,[ 1  2  3  4  5  6  7  8  9 10 11 12],1895,86,207,11.26,2011-04-22,13:58:21
1382,372,258,[1 2 3 4 5 6],2682,435,87,25.58,2011-04-22,13:58:21
1383,240,258,[ 1  2  3  4  5  6  7  8  9 10 11 12],3782,304,125,8.65,2011-04-22,13:58:21
1384,113,258,[1 2 3 4 5 6 7],2136,24,141,413.78,2011-04-22,13:58:21
1385,257,258,[1 2 3 4 5 6],971,378,113,38.71,2011-04-22,13:58:21
1386,386,258,[ 1  2  3  4  5  6  7  8  9 10 11 12],3450,289,84,424.12,2011-04-22,13:58:21
1387,228,259,[ 1  2  3  4  5  6  7  8  9 10],1725,51,35,21.98,2011-04-22,13:58:21
1388,454,259,[ 1  2  3  4  5  6  7  8  9 10 11 12],2148,105,107,554.47,2011-04-22,13:58:21
1389,265,259,[1 2 3 4 5 6],201,298,17,1359.52,2011-04-22,13:58:21
1390,418,259,[ 1  2  3  4  5  6  7  8  9 10 11 12],3787,318,155,146.09,2011-04-22,13:58:21
1391,111,259,[1 2 3 4 5 6 7],3062,137,151,9.78,2011-04-22,13:58:21
1392,231,259,[1 2 3 4 5 6],2912,59,130,88.39,2011-04-22,13:58:21
1393,477,259,[ 1  2  3  4  5  6  7  8  9 10 11 12],1054,413,170,12.01,2011-04-22,13:58:21
1394,427,260,[ 1  2  3  4  5  6  7  8  9 10],1846,120,47,9.04,2011-04-22,13:58:21
1395,304,260,[ 1  2  3  4  5  6  7  8  9 10 11 12],2541,263,144,13.83,2011-04-22,13:58:21
1396,229,260,[1 2 3 4 5 6],856,197,180,18.29,2011-04-22,13:58:21
1397,486,260,[ 1  2  3  4  5  6  7  8  9 10 11 12],748,449,105,34.99,2011-04-22,13:58:21
1398,442,260,[1 2 3 4 5 6 7],796,161,249,43.93,2011-04-22,13:58:21
1399,381,260,[1 2 3 4 5 6],1877,254,233,13.59,2011-04-22,13:58:21
1400,76,260,[ 1  2  3  4  5  6  7  8  9 10 11 12],2849,143,77,14.68,2011-04-22,13:58:21
1401,411,261,[ 1  2  3  4  5  6  7  8  9 10],3742,38,11,27.93,2011-04-22,13:58:21
1402,412,261,[ 1  2  3  4  5  6  7  8  9 10 11 12],2766,489,72,19.46,2011-04-22,13:58:21
1403,101,261,[1 2 3 4 5 6],2788,144,95,10.33,2011-04-22,13:58:21
1404,423,261,[ 1  2  3  4  5  6  7  8  9 10 11 12],994,206,157,17.67,2011-04-22,13:58:21
1405,431,261,[1 2 3 4 5 6 7],2276,437,81,327.25,2011-04-22,13:58:21
1406,4,261,[1 2 3 4 5 6],2891,323,76,42.11,2011-04-22,13:58:21
1407,232,261,[ 1  2  3  4  5  6  7  8  9 10 11 12],2973,412,202,13.87,2011-04-22,13:58:21
1408,115,262,[ 1  2  3  4  5  6  7  8  9 10],617,72,67,21.12,2011-04-22,13:58:21
1409,33,262,[ 1  2  3  4  5  6  7  8  9 10 11 12],418,255,84,63.1,2011-04-22,13:58:21
1410,8,262,[1 2 3 4 5 6],538,242,212,36.7,2011-04-22,13:58:21
1411,193,262,[ 1  2  3  4  5  6  7  8  9 10 11 12],2826,158,185,9.81,2011-04-22,13:58:21
1412,43,262,[1 2 3 4 5 6 7],3291,212,179,13.39,2011-04-22,13:58:21
1413,138,262,[1 2 3 4 5 6],643,370,84,1455.67,2011-04-22,13:58:21
1414,342,262,[ 1  2  3  4  5  6  7  8  9 10 11 12],1133,332,144,266.13,2011-04-22,13:58:21
1415,218,263,[ 1  2  3  4  5  6  7  8  9 10],2448,395,93,88.62,2011-04-22,13:58:21
1416,167,263,[ 1  2  3  4  5  6  7  8  9 10 11 12],2782,469,112,495.7,2011-04-22,13:58:21
1417,143,263,[1 2 3 4 5 6],1858,351,86,179.51,2011-04-22,13:58:21
1418,310,263,[ 1  2  3  4  5  6  7  8  9 10 11 12],2868,254,222,20.23,2011-04-22,13:58:21
1419,482,263,[1 2 3 4 5 6 7],1798,148,68,28.83,2011-04-22,13:58:21
1420,254,263,[1 2 3 4 5 6],1244,95,160,25.45,2011-04-22,13:58:21
1421,348,263,[ 1  2  3  4  5  6  7  8  9 10 11 12],220,315,201,8.29,2011-04-22,13:58:21
1422,271,264,[1 2 3 4 5 6],54,447,171,26.45,2013-05-22,13:42:59
1423,423,264,[1 2 3 4 5 6 7 8],1422,70,173,8.21,2013-05-22,13:42:59
1424,145,264,[1 2],1587,369,231,5.85,2013-05-22,13:42:59
1425,88,264,[1 2 3 4 5],90,383,210,10.66,2013-05-22,13:42:59
1426,108,264,[ 1  2  3  4  5  6  7  8  9 10],1503,256,204,146.03,2013-05-22,13:42:59
1427,395,264,[ 1  2  3  4  5  6  7  8  9 10 11 12],1806,493,129,10.52,2013-05-22,13:42:59
1428,208,264,[1 2 3 4 5],499,404,23,5.33,2013-05-22,13:42:59
1429,436,264,[1 2],1008,398,240,470.54,2013-05-22,13:42:59
1430,87,265,[1 2 3 4 5 6],2247,232,236,506.8,2013-05-22,13:42:59
1431,337,265,[1 2 3 4 5 6 7 8],1920,385,97,24.22,2013-05-22,13:42:59
1432,40,265,[1 2],2297,421,117,393.52,2013-05-22,13:42:59
1433,36,265,[1 2 3 4 5],572,315,164,1029.41,2013-05-22,13:42:59
1434,27,265,[ 1  2  3  4  5  6  7  8  9 10],798,375,48,905.47,2013-05-22,13:42:59
1435,371,265,[ 1  2  3  4  5  6  7  8  9 10 11 12],2659,261,135,21.06,2013-05-22,13:42:59
1436,256,265,[1 2 3 4 5],83,127,146,19.52,2013-05-22,13:42:59
1437,371,265,[1 2],289,290,26,140.68,2013-05-22,13:42:59
1438,336,266,[1 2 3 4 5 6],1978,341,28,8.55,2013-05-22,13:42:59
1439,234,266,[1 2 3 4 5 6 7 8],2416,320,157,536.88,2013-05-22,13:42:59
1440,213,266,[1 2],1432,185,32,11.78,2013-05-22,13:42:59
1441,453,266,[1 2 3 4 5],1207,142,7,275.36,2013-05-22,13:42:59
1442,47,266,[ 1  2  3  4  5  6  7  8  9 10],3265,308,191,7.02,2013-05-22,13:42:59
1443,74,266,[ 1  2  3  4  5  6  7  8  9 10 11 12],267,286,108,26.72,2013-05-22,13:42:59
1444,69,266,[1 2 3 4 5],2192,5,214,738.82,2013-05-22,13:42:59
1445,15,266,[1 2],1232,469,187,13.38,2013-05-22,13:42:59
1446,221,267,[1 2 3 4 5 6],1338,32,213,21.65,2013-05-22,13:42:59
1447,94,267,[1 2 3 4 5 6 7 8],1085,73,218,127.99,2013-05-22,13:42:59
1448,433,267,[1 2],104,481,70,16.49,2013-05-22,13:42:59
1449,399,267,[1 2 3 4 5],2343,368,107,208.82,2013-05-22,13:42:59
1450,242,267,[ 1  2  3  4  5  6  7  8  9 10],3689,62,124,183.74,2013-05-22,13:42:59
1451,173,267,[ 1  2  3  4  5  6  7  8  9 10 11 12],2198,178,20,756.17,2013-05-22,13:42:59
1452,134,267,[1 2 3 4 5],1866,166,222,9.31,2013-05-22,13:42:59
1453,148,267,[1 2],3758,136,87,33.42,2013-05-22,13:42:59
1454,241,268,[1 2 3 4 5 6],1493,412,93,96.9,2013-05-22,13:42:59
1455,284,268,[1 2 3 4 5 6 7 8],576,94,170,6.35,2013-05-22,13:42:59
1456,117,268,[1 2],322,163,83,11.45,2013-05-22,13:42:59
1457,310,268,[1 2 3 4 5],2144,96,242,297.03,2013-05-22,13:42:59
1458,489,268,[ 1  2  3  4  5  6  7  8  9 10],2146,321,143,1089.51,2013-05-22,13:42:59
1459,174,268,[ 1  2  3  4  5  6  7  8  9 10 11 12],1430,448,67,8.07,2013-05-22,13:42:59
1460,85,268,[1 2 3 4 5],1137,426,156,42.44,2013-05-22,13:42:59
1461,6,268,[1 2],792,68,203,45.99,2013-05-22,13:42:59
1462,29,269,[1 2 3 4 5 6],3137,463,59,21.33,2013-05-22,13:42:59
1463,315,269,[1 2 3 4 5 6 7 8],767,317,211,579.81,2013-05-22,13:42:59
1464,270,269,[1 2],694,425,51,22.35,2013-05-22,13:42:59
1465,173,269,[1 2 3 4 5],1463,471,133,19.62,2013-05-22,13:42:59
1466,233,269,[ 1  2  3  4  5  6  7  8  9 10],3365,283,193,45.15,2013-05-22,13:42:59
1467,441,269,[ 1  2  3  4  5  6  7  8  9 10 11 12],112,264,82,11.35,2013-05-22,13:42:59
1468,426,269,[1 2 3 4 5],3425,468,60,516.22,2013-05-22,13:42:59
1469,294,269,[1 2],2254,305,2,1175.05,2013-05-22,13:42:59
1470,471,270,[1 2 3 4 5 6],1190,490,39,12.87,2013-05-22,13:42:59
1471,249,270,[1 2 3 4 5 6 7 8],2480,120,108,31.43,2013-05-22,13:42:59
