,Buyer_ID,Personal_Order_Number,Personal_Purchase_Number,Product_ID,Seller_ID,Quantity,Price,Fullfill_Date,Sell_Time
0,256,0,[1 2 3 4 5],3707,13,83,45.85,2018-05-27,08:45:35
1,480,0,[ 1  2  3  4  5  6  7  8  9 10 11 12],10,249,34,12.49,2018-05-27,08:45:35
2,226,1,[1 2 3 4 5],3741,93,80,15.55,2018-05-27,08:45:35
3,386,1,[ 1  2  3  4  5  6  7  8  9 10 11 12],2211,109,213,163.53,2018-05-27,08:45:35
4,195,2,[ 1  2  3  4  5  6  7  8  9 10 11],1982,215,213,13.58,2018-02-02,00:27:36
5,292,2,[1 2 3],57,263,45,1140.28,2018-02-02,00:27:36
6,256,2,[1 2 3 4 5],948,369,46,98.89,2018-02-02,00:27:36
7,102,2,[ 1  2  3  4  5  6  7  8  9 10 11],2752,289,141,10.81,2018-02-02,00:27:36
8,174,2,[1 2 3 4 5 6 7 8 9],2072,441,161,126.22,2018-02-02,00:27:36
9,250,2,[1 2 3 4 5],1164,282,151,14.52,2018-02-02,00:27:36
10,345,2,[1 2 3 4 5 6],246,485,98,6.05,2018-02-02,00:27:36
11,41,2,[1 2 3 4],1956,459,105,17.7,2018-02-02,00:27:36
12,285,3,[ 1  2  3  4  5  6  7  8  9 10 11],3407,401,231,24.32,2018-02-02,00:27:36
13,420,3,[1 2 3],197,61,207,9.94,2018-02-02,00:27:36
14,3,3,[1 2 3 4 5],1977,237,167,22.06,2018-02-02,00:27:36
15,378,3,[ 1  2  3  4  5  6  7  8  9 10 11],448,230,73,43.52,2018-02-02,00:27:36
16,89,3,[1 2 3 4 5 6 7 8 9],771,329,63,19.95,2018-02-02,00:27:36
17,24,3,[1 2 3 4 5],857,56,200,9.9,2018-02-02,00:27:36
18,362,3,[1 2 3 4 5 6],922,267,180,35.39,2018-02-02,00:27:36
19,404,3,[1 2 3 4],3703,32,173,15.57,2018-02-02,00:27:36
20,308,4,[ 1  2  3  4  5  6  7  8  9 10 11],3272,221,1,8.23,2018-02-02,00:27:36
21,349,4,[1 2 3],2380,104,51,696.64,2018-02-02,00:27:36
22,371,4,[1 2 3 4 5],2653,25,201,40.38,2018-02-02,00:27:36
23,95,4,[ 1  2  3  4  5  6  7  8  9 10 11],683,1,33,69.53,2018-02-02,00:27:36
24,249,4,[1 2 3 4 5 6 7 8 9],1213,142,88,9.63,2018-02-02,00:27:36
25,337,4,[1 2 3 4 5],936,381,151,9.37,2018-02-02,00:27:36
26,185,4,[1 2 3 4 5 6],1977,264,129,24.3,2018-02-02,00:27:36
27,83,4,[1 2 3 4],1446,263,36,12.87,2018-02-02,00:27:36
28,369,5,[ 1  2  3  4  5  6  7  8  9 10 11],1414,241,192,65.54,2018-02-02,00:27:36
29,178,5,[1 2 3],2854,381,165,18.14,2018-02-02,00:27:36
30,188,5,[1 2 3 4 5],916,379,119,11.85,2018-02-02,00:27:36
31,265,5,[ 1  2  3  4  5  6  7  8  9 10 11],1974,37,232,10.18,2018-02-02,00:27:36
32,162,5,[1 2 3 4 5 6 7 8 9],2804,129,219,79.08,2018-02-02,00:27:36
33,396,5,[1 2 3 4 5],902,450,123,79.08,2018-02-02,00:27:36
34,378,5,[1 2 3 4 5 6],2121,270,84,220.9,2018-02-02,00:27:36
35,404,5,[1 2 3 4],1095,166,26,27.91,2018-02-02,00:27:36
36,153,6,[ 1  2  3  4  5  6  7  8  9 10 11],2597,126,111,18.6,2018-02-02,00:27:36
37,57,6,[1 2 3],407,118,146,13.03,2018-02-02,00:27:36
38,5,6,[1 2 3 4 5],1566,304,19,18.95,2018-02-02,00:27:36
39,449,6,[ 1  2  3  4  5  6  7  8  9 10 11],103,260,79,42.26,2018-02-02,00:27:36
40,43,6,[1 2 3 4 5 6 7 8 9],2956,307,117,70.68,2018-02-02,00:27:36
41,61,6,[1 2 3 4 5],1279,374,128,39.05,2018-02-02,00:27:36
42,67,6,[1 2 3 4 5 6],2901,154,10,34.15,2018-02-02,00:27:36
43,86,6,[1 2 3 4],3083,389,96,194.56,2018-02-02,00:27:36
44,183,7,[ 1  2  3  4  5  6  7  8  9 10 11],3367,126,195,8.32,2018-02-02,00:27:36
45,341,7,[1 2 3],835,97,190,102.12,2018-02-02,00:27:36
46,151,7,[1 2 3 4 5],2669,143,31,47.1,2018-02-02,00:27:36
47,104,7,[ 1  2  3  4  5  6  7  8  9 10 11],2881,497,240,44.8,2018-02-02,00:27:36
48,292,7,[1 2 3 4 5 6 7 8 9],227,419,31,9.09,2018-02-02,00:27:36
49,315,7,[1 2 3 4 5],3414,488,24,14.21,2018-02-02,00:27:36
50,17,7,[1 2 3 4 5 6],3215,386,55,16.11,2018-02-02,00:27:36
51,162,7,[1 2 3 4],2672,212,24,3.1,2018-02-02,00:27:36
52,197,8,[ 1  2  3  4  5  6  7  8  9 10 11],685,227,88,193.95,2018-02-02,00:27:36
53,219,8,[1 2 3],815,481,171,22.22,2018-02-02,00:27:36
54,308,8,[1 2 3 4 5],2997,445,72,46.14,2018-02-02,00:27:36
55,450,8,[ 1  2  3  4  5  6  7  8  9 10 11],1227,198,152,58.98,2018-02-02,00:27:36
56,197,8,[1 2 3 4 5 6 7 8 9],2123,424,47,199.55,2018-02-02,00:27:36
57,106,8,[1 2 3 4 5],3706,20,247,9.96,2018-02-02,00:27:36
58,79,8,[1 2 3 4 5 6],897,167,145,37.91,2018-02-02,00:27:36
59,159,8,[1 2 3 4],1636,96,51,14.02,2018-02-02,00:27:36
60,258,9,[ 1  2  3  4  5  6  7  8  9 10 11],3423,287,112,1047.71,2018-02-02,00:27:36
61,328,9,[1 2 3],1191,97,86,36.24,2018-02-02,00:27:36
62,23,9,[1 2 3 4 5],1124,308,31,30.84,2018-02-02,00:27:36
63,417,9,[ 1  2  3  4  5  6  7  8  9 10 11],635,35,216,67.44,2018-02-02,00:27:36
64,499,9,[1 2 3 4 5 6 7 8 9],2533,364,155,108.21,2018-02-02,00:27:36
65,490,9,[1 2 3 4 5],600,226,115,27.29,2018-02-02,00:27:36
66,255,9,[1 2 3 4 5 6],1754,3,230,17.88,2018-02-02,00:27:36
67,109,9,[1 2 3 4],3091,111,200,11.86,2018-02-02,00:27:36
68,400,10,[1],3109,354,38,11.4,2013-02-09,15:43:35
69,311,10,[1 2],537,239,236,19.77,2013-02-09,15:43:35
70,358,10,[1 2],60,336,200,42.99,2013-02-09,15:43:35
71,384,10,[1 2 3 4 5],2161,33,88,349.18,2013-02-09,15:43:35
72,52,10,[1 2 3 4 5 6 7 8],1453,299,207,44.75,2013-02-09,15:43:35
73,339,10,[1 2 3 4 5],2530,137,12,22.08,2013-02-09,15:43:35
74,340,11,[1],2347,390,81,303.82,2013-02-09,15:43:35
75,301,11,[1 2],2868,306,82,20.42,2013-02-09,15:43:35
76,424,11,[1 2],2138,499,171,220.72,2013-02-09,15:43:35
77,54,11,[1 2 3 4 5],2583,343,80,16.81,2013-02-09,15:43:35
78,365,11,[1 2 3 4 5 6 7 8],51,51,160,16.29,2013-02-09,15:43:35
79,202,11,[1 2 3 4 5],98,54,113,13.42,2013-02-09,15:43:35
80,145,12,[1],244,198,223,37.3,2013-02-09,15:43:35
81,346,12,[1 2],2100,424,155,101.85,2013-02-09,15:43:35
82,133,12,[1 2],3410,120,23,13.53,2013-02-09,15:43:35
83,21,12,[1 2 3 4 5],26,395,155,38.73,2013-02-09,15:43:35
84,398,12,[1 2 3 4 5 6 7 8],2886,221,65,4.39,2013-02-09,15:43:35
85,480,12,[1 2 3 4 5],2568,293,130,170.94,2013-02-09,15:43:35
86,306,13,[1],1556,142,100,8.57,2013-02-09,15:43:35
87,61,13,[1 2],112,270,223,9.98,2013-02-09,15:43:35
88,389,13,[1 2],950,331,116,299.54,2013-02-09,15:43:35
89,362,13,[1 2 3 4 5],3334,303,123,9.22,2013-02-09,15:43:35
90,307,13,[1 2 3 4 5 6 7 8],2983,343,8,236.55,2013-02-09,15:43:35
91,34,13,[1 2 3 4 5],376,48,126,18.12,2013-02-09,15:43:35
92,83,14,[1],1495,192,86,30.67,2013-02-09,15:43:35
93,297,14,[1 2],881,234,14,26.16,2013-02-09,15:43:35
94,282,14,[1 2],1333,73,201,44.68,2013-02-09,15:43:35
95,194,14,[1 2 3 4 5],943,412,124,115.51,2013-02-09,15:43:35
96,465,14,[1 2 3 4 5 6 7 8],179,84,226,23.73,2013-02-09,15:43:35
97,181,14,[1 2 3 4 5],1387,380,17,38.77,2013-02-09,15:43:35
98,283,15,[1],3075,489,228,52.64,2013-02-09,15:43:35
99,476,15,[1 2],2397,470,90,169.33,2013-02-09,15:43:35
100,173,15,[1 2],2212,292,38,433.82,2013-02-09,15:43:35
101,174,15,[1 2 3 4 5],1526,210,58,6.47,2013-02-09,15:43:35
102,416,15,[1 2 3 4 5 6 7 8],579,149,153,152.57,2013-02-09,15:43:35
103,381,15,[1 2 3 4 5],2533,367,241,99.55,2013-02-09,15:43:35
104,365,16,[ 1  2  3  4  5  6  7  8  9 10],139,439,99,14.97,2022-11-21,17:05:40
105,98,16,[1],155,279,210,16.97,2022-11-21,17:05:40
106,95,16,[1 2],543,433,147,25.39,2022-11-21,17:05:40
107,274,17,[ 1  2  3  4  5  6  7  8  9 10],3276,210,135,6.44,2022-11-21,17:05:40
108,397,17,[1],24,196,93,11.33,2022-11-21,17:05:40
109,369,17,[1 2],1704,496,215,17.45,2022-11-21,17:05:40
110,183,18,[ 1  2  3  4  5  6  7  8  9 10],2863,332,198,19.96,2022-11-21,17:05:40
111,26,18,[1],1851,56,20,17.77,2022-11-21,17:05:40
112,261,18,[1 2],3409,150,163,4.42,2022-11-21,17:05:40
113,162,19,[1 2 3 4 5 6 7 8],2656,153,175,12.86,2018-04-28,20:23:50
114,224,19,[1 2 3],534,247,57,2162.5,2018-04-28,20:23:50
115,398,19,[1 2 3 4 5],1635,246,194,15.33,2018-04-28,20:23:50
116,153,19,[1 2 3 4],2866,65,96,20.67,2018-04-28,20:23:50
117,317,19,[1 2 3 4 5],2411,474,232,865.1,2018-04-28,20:23:50
118,483,19,[ 1  2  3  4  5  6  7  8  9 10 11 12],1796,96,58,9.1,2018-04-28,20:23:50
119,218,20,[1 2 3 4 5 6 7 8],2977,310,31,15.73,2018-04-28,20:23:50
120,46,20,[1 2 3],2010,187,83,45.56,2018-04-28,20:23:50
121,260,20,[1 2 3 4 5],2062,333,169,15.52,2018-04-28,20:23:50
122,56,20,[1 2 3 4],1704,386,191,15.87,2018-04-28,20:23:50
123,155,20,[1 2 3 4 5],2529,381,124,2.6,2018-04-28,20:23:50
124,433,20,[ 1  2  3  4  5  6  7  8  9 10 11 12],654,79,141,16.44,2018-04-28,20:23:50
125,223,21,[1 2 3 4 5 6 7 8],977,106,218,13.48,2018-04-28,20:23:50
126,338,21,[1 2 3],1585,485,91,11.3,2018-04-28,20:23:50
127,24,21,[1 2 3 4 5],482,45,57,18.4,2018-04-28,20:23:50
128,453,21,[1 2 3 4],2408,354,65,1257.4,2018-04-28,20:23:50
129,172,21,[1 2 3 4 5],1114,29,153,17.26,2018-04-28,20:23:50
130,484,21,[ 1  2  3  4  5  6  7  8  9 10 11 12],3772,445,68,8.15,2018-04-28,20:23:50
131,255,22,[1 2 3 4 5 6 7 8],980,138,17,14.58,2018-04-28,20:23:50
132,75,22,[1 2 3],2400,43,142,355.55,2018-04-28,20:23:50
133,26,22,[1 2 3 4 5],1778,195,131,13.81,2018-04-28,20:23:50
134,264,22,[1 2 3 4],61,86,90,855.19,2018-04-28,20:23:50
135,195,22,[1 2 3 4 5],2584,420,91,109.54,2018-04-28,20:23:50
136,75,22,[ 1  2  3  4  5  6  7  8  9 10 11 12],768,195,127,23.33,2018-04-28,20:23:50
137,283,23,[1 2 3 4 5 6 7 8],1633,402,155,14.43,2018-04-28,20:23:50
138,207,23,[1 2 3],38,423,38,39.17,2018-04-28,20:23:50
139,344,23,[1 2 3 4 5],198,79,239,27.73,2018-04-28,20:23:50
140,145,23,[1 2 3 4],431,261,160,9.23,2018-04-28,20:23:50
141,13,23,[1 2 3 4 5],278,35,89,19.21,2018-04-28,20:23:50
142,57,23,[ 1  2  3  4  5  6  7  8  9 10 11 12],326,394,58,7.58,2018-04-28,20:23:50
143,21,24,[1 2 3 4 5 6 7 8],632,315,241,74.59,2018-04-28,20:23:50
144,466,24,[1 2 3],3221,316,187,6.03,2018-04-28,20:23:50
145,293,24,[1 2 3 4 5],3441,308,160,215.66,2018-04-28,20:23:50
146,304,24,[1 2 3 4],1066,116,42,1352.49,2018-04-28,20:23:50
147,147,24,[1 2 3 4 5],1782,414,226,28.29,2018-04-28,20:23:50
148,265,24,[ 1  2  3  4  5  6  7  8  9 10 11 12],339,249,237,18.19,2018-04-28,20:23:50
149,435,25,[1 2],1268,440,220,62.87,2009-03-22,23:49:16
150,149,25,[1 2 3 4],1446,44,62,13.54,2009-03-22,23:49:16
151,250,26,[1 2],1319,396,135,8.16,2009-03-22,23:49:16
152,421,26,[1 2 3 4],3528,291,203,121.8,2009-03-22,23:49:16
153,408,27,[1 2 3 4 5 6 7 8],505,376,196,12.65,2020-01-14,10:42:12
154,369,27,[ 1  2  3  4  5  6  7  8  9 10 11],664,426,87,24.53,2020-01-14,10:42:12
155,133,28,[1 2 3 4 5 6 7 8],3390,276,83,208.74,2020-01-14,10:42:12
156,1,28,[ 1  2  3  4  5  6  7  8  9 10 11],3782,71,177,7.4,2020-01-14,10:42:12
157,189,29,[ 1  2  3  4  5  6  7  8  9 10 11],2790,474,195,24.01,2015-07-05,08:52:17
158,425,29,[1 2 3 4 5 6 7 8],1222,18,201,6.46,2015-07-05,08:52:17
159,247,30,[ 1  2  3  4  5  6  7  8  9 10 11],2742,271,82,77.37,2015-07-05,08:52:17
160,478,30,[1 2 3 4 5 6 7 8],1023,376,51,37.5,2015-07-05,08:52:17
161,132,31,[1 2 3 4 5 6 7],1663,194,231,8.27,2011-11-03,01:24:03
162,3,32,[1 2 3 4 5 6 7],533,162,55,283.75,2003-04-21,19:22:51
163,288,33,[ 1  2  3  4  5  6  7  8  9 10 11 12],1422,240,160,7.17,2009-02-20,03:12:22
164,295,34,[1 2 3 4 5 6 7 8],176,92,55,16.04,2015-06-19,18:18:37
165,399,34,[1 2 3 4 5 6],1473,462,9,17.57,2015-06-19,18:18:37
166,300,34,[1 2 3 4 5],3142,388,17,16.4,2015-06-19,18:18:37
167,496,34,[ 1  2  3  4  5  6  7  8  9 10 11 12],2721,302,21,23.47,2015-06-19,18:18:37
168,256,34,[1],2371,270,249,751.39,2015-06-19,18:18:37
169,383,34,[1],2318,191,50,296.73,2015-06-19,18:18:37
170,139,35,[1 2 3 4 5 6 7 8],235,315,105,25.77,2015-06-19,18:18:37
171,107,35,[1 2 3 4 5 6],1057,397,247,1497.31,2015-06-19,18:18:37
172,397,35,[1 2 3 4 5],3416,441,168,15.99,2015-06-19,18:18:37
173,331,35,[ 1  2  3  4  5  6  7  8  9 10 11 12],1196,234,18,8.12,2015-06-19,18:18:37
174,271,35,[1],346,98,108,1491.23,2015-06-19,18:18:37
175,310,35,[1],2873,116,32,19.8,2015-06-19,18:18:37
176,221,36,[1 2 3 4 5 6 7 8],717,303,72,137.93,2015-06-19,18:18:37
177,489,36,[1 2 3 4 5 6],1289,52,196,22.71,2015-06-19,18:18:37
178,15,36,[1 2 3 4 5],1993,476,9,13.54,2015-06-19,18:18:37
179,50,36,[ 1  2  3  4  5  6  7  8  9 10 11 12],1706,473,241,15.52,2015-06-19,18:18:37
180,398,36,[1],1601,272,130,100.21,2015-06-19,18:18:37
181,330,36,[1],563,386,123,63.72,2015-06-19,18:18:37
182,410,37,[1 2 3 4 5 6 7 8],661,424,128,76.5,2015-06-19,18:18:37
183,305,37,[1 2 3 4 5 6],3007,265,38,13.12,2015-06-19,18:18:37
184,80,37,[1 2 3 4 5],3551,368,29,107.01,2015-06-19,18:18:37
185,115,37,[ 1  2  3  4  5  6  7  8  9 10 11 12],3503,413,161,80.0,2015-06-19,18:18:37
186,489,37,[1],2956,93,11,62.81,2015-06-19,18:18:37
187,333,37,[1],1492,484,115,10.3,2015-06-19,18:18:37
188,343,38,[1 2 3 4 5 6 7 8],488,334,179,28.22,2015-06-19,18:18:37
189,158,38,[1 2 3 4 5 6],2553,179,218,34.67,2015-06-19,18:18:37
190,139,38,[1 2 3 4 5],3433,170,114,9.58,2015-06-19,18:18:37
191,189,38,[ 1  2  3  4  5  6  7  8  9 10 11 12],1566,275,22,17.69,2015-06-19,18:18:37
192,243,38,[1],874,436,149,2157.5,2015-06-19,18:18:37
193,27,38,[1],2675,195,63,17.21,2015-06-19,18:18:37
194,16,39,[1 2 3 4 5 6 7 8],384,51,35,35.39,2015-06-19,18:18:37
195,441,39,[1 2 3 4 5 6],3754,407,222,37.26,2015-06-19,18:18:37
196,216,39,[1 2 3 4 5],769,169,203,9.42,2015-06-19,18:18:37
197,116,39,[ 1  2  3  4  5  6  7  8  9 10 11 12],1345,137,109,9.34,2015-06-19,18:18:37
198,76,39,[1],312,72,136,186.95,2015-06-19,18:18:37
199,354,39,[1],1491,485,193,19.07,2015-06-19,18:18:37
200,351,40,[1],2031,495,113,8.12,2012-07-10,05:27:35
201,333,41,[1 2 3 4 5 6 7 8],3017,116,212,16.63,2011-05-23,11:27:30
202,166,42,[1 2 3 4 5 6],1184,246,75,8.96,2016-04-03,22:29:39
203,3,42,[1 2 3 4 5 6 7 8 9],1590,178,171,13.52,2016-04-03,22:29:39
204,272,42,[ 1  2  3  4  5  6  7  8  9 10 11],2331,108,102,114.87,2016-04-03,22:29:39
205,36,42,[1 2 3 4 5 6 7 8],3599,258,77,4.67,2016-04-03,22:29:39
206,489,42,[1 2 3 4 5 6 7 8 9],76,358,246,13.83,2016-04-03,22:29:39
207,308,43,[1 2 3 4 5 6],2539,460,177,42.4,2016-04-03,22:29:39
208,385,43,[1 2 3 4 5 6 7 8 9],2241,152,23,211.62,2016-04-03,22:29:39
209,308,43,[ 1  2  3  4  5  6  7  8  9 10 11],2309,423,18,331.76,2016-04-03,22:29:39
210,130,43,[1 2 3 4 5 6 7 8],1985,320,91,59.26,2016-04-03,22:29:39
211,31,43,[1 2 3 4 5 6 7 8 9],2618,400,38,215.3,2016-04-03,22:29:39
212,118,44,[1 2 3 4 5 6],3032,187,167,35.53,2016-04-03,22:29:39
213,321,44,[1 2 3 4 5 6 7 8 9],702,368,106,17.55,2016-04-03,22:29:39
214,124,44,[ 1  2  3  4  5  6  7  8  9 10 11],237,281,118,18.75,2016-04-03,22:29:39
215,390,44,[1 2 3 4 5 6 7 8],2676,49,92,73.27,2016-04-03,22:29:39
216,303,44,[1 2 3 4 5 6 7 8 9],2460,79,151,39.44,2016-04-03,22:29:39
217,322,45,[1 2 3 4 5 6],1452,466,241,17.81,2016-04-03,22:29:39
218,78,45,[1 2 3 4 5 6 7 8 9],3027,452,8,9.04,2016-04-03,22:29:39
219,37,45,[ 1  2  3  4  5  6  7  8  9 10 11],654,257,142,15.87,2016-04-03,22:29:39
220,331,45,[1 2 3 4 5 6 7 8],3105,167,95,48.33,2016-04-03,22:29:39
221,30,45,[1 2 3 4 5 6 7 8 9],2110,450,159,127.12,2016-04-03,22:29:39
222,439,46,[1 2 3 4 5 6],538,383,107,38.39,2016-04-03,22:29:39
223,229,46,[1 2 3 4 5 6 7 8 9],3538,340,249,20.29,2016-04-03,22:29:39
224,206,46,[ 1  2  3  4  5  6  7  8  9 10 11],1705,246,164,22.25,2016-04-03,22:29:39
225,280,46,[1 2 3 4 5 6 7 8],459,473,171,1535.05,2016-04-03,22:29:39
226,491,46,[1 2 3 4 5 6 7 8 9],3813,29,46,48.74,2016-04-03,22:29:39
227,490,47,[1 2 3 4 5 6 7 8],1655,403,133,8.36,2004-09-02,06:21:54
228,95,47,[ 1  2  3  4  5  6  7  8  9 10 11 12],1187,327,202,1463.3,2004-09-02,06:21:54
229,484,47,[1 2 3 4 5 6 7],2474,462,202,231.65,2004-09-02,06:21:54
230,105,47,[ 1  2  3  4  5  6  7  8  9 10],1229,495,154,10.98,2004-09-02,06:21:54
231,151,47,[1 2],475,436,139,19.39,2004-09-02,06:21:54
232,88,47,[1 2 3 4 5 6],3679,238,236,43.41,2004-09-02,06:21:54
233,132,47,[1 2 3],2050,42,236,19.72,2004-09-02,06:21:54
234,400,48,[1 2 3 4 5 6 7 8],872,219,15,13.2,2004-09-02,06:21:54
235,385,48,[ 1  2  3  4  5  6  7  8  9 10 11 12],731,226,219,95.01,2004-09-02,06:21:54
236,267,48,[1 2 3 4 5 6 7],1685,129,200,9.89,2004-09-02,06:21:54
237,308,48,[ 1  2  3  4  5  6  7  8  9 10],1154,198,84,168.28,2004-09-02,06:21:54
238,220,48,[1 2],3797,415,40,173.52,2004-09-02,06:21:54
239,241,48,[1 2 3 4 5 6],3537,486,233,53.28,2004-09-02,06:21:54
240,437,48,[1 2 3],1758,177,171,180.69,2004-09-02,06:21:54
241,163,49,[1 2 3 4 5 6 7 8],1768,161,89,15.97,2004-09-02,06:21:54
242,56,49,[ 1  2  3  4  5  6  7  8  9 10 11 12],2774,384,215,181.82,2004-09-02,06:21:54
243,144,49,[1 2 3 4 5 6 7],880,439,184,1034.12,2004-09-02,06:21:54
244,343,49,[ 1  2  3  4  5  6  7  8  9 10],975,364,113,25.57,2004-09-02,06:21:54
245,281,49,[1 2],1169,355,126,88.76,2004-09-02,06:21:54
246,138,49,[1 2 3 4 5 6],3655,229,54,151.73,2004-09-02,06:21:54
247,396,49,[1 2 3],1120,178,84,28.02,2004-09-02,06:21:54
248,95,50,[1 2 3 4 5 6 7 8],3280,52,125,145.54,2004-09-02,06:21:54
249,363,50,[ 1  2  3  4  5  6  7  8  9 10 11 12],410,399,141,16.48,2004-09-02,06:21:54
250,314,50,[1 2 3 4 5 6 7],571,230,118,165.17,2004-09-02,06:21:54
251,52,50,[ 1  2  3  4  5  6  7  8  9 10],3447,197,248,14.41,2004-09-02,06:21:54
252,157,50,[1 2],3215,346,204,13.7,2004-09-02,06:21:54
253,12,50,[1 2 3 4 5 6],1359,290,204,6.48,2004-09-02,06:21:54
254,220,50,[1 2 3],600,494,48,28.19,2004-09-02,06:21:54
255,347,51,[1 2 3 4 5 6 7 8],1177,408,199,13.46,2004-09-02,06:21:54
256,476,51,[ 1  2  3  4  5  6  7  8  9 10 11 12],481,389,171,1186.24,2004-09-02,06:21:54
257,431,51,[1 2 3 4 5 6 7],385,443,193,9.58,2004-09-02,06:21:54
258,94,51,[ 1  2  3  4  5  6  7  8  9 10],3665,255,21,47.96,2004-09-02,06:21:54
259,394,51,[1 2],1155,465,241,42.16,2004-09-02,06:21:54
260,126,51,[1 2 3 4 5 6],340,51,205,16.46,2004-09-02,06:21:54
261,20,51,[1 2 3],1047,170,244,13.83,2004-09-02,06:21:54
262,486,52,[1 2 3 4 5 6 7 8],8,413,37,48.26,2004-09-02,06:21:54
263,8,52,[ 1  2  3  4  5  6  7  8  9 10 11 12],3602,101,9,17.28,2004-09-02,06:21:54
264,40,52,[1 2 3 4 5 6 7],2339,41,55,562.06,2004-09-02,06:21:54
265,201,52,[ 1  2  3  4  5  6  7  8  9 10],1721,27,114,83.24,2004-09-02,06:21:54
266,345,52,[1 2],3771,327,176,376.83,2004-09-02,06:21:54
267,465,52,[1 2 3 4 5 6],2336,415,111,972.56,2004-09-02,06:21:54
268,107,52,[1 2 3],3754,483,70,34.36,2004-09-02,06:21:54
269,202,53,[1 2 3 4 5 6 7 8],3483,183,39,14.06,2004-09-02,06:21:54
270,27,53,[ 1  2  3  4  5  6  7  8  9 10 11 12],1794,270,174,64.67,2004-09-02,06:21:54
271,119,53,[1 2 3 4 5 6 7],1404,401,170,174.08,2004-09-02,06:21:54
272,301,53,[ 1  2  3  4  5  6  7  8  9 10],98,290,223,15.34,2004-09-02,06:21:54
273,208,53,[1 2],3036,183,20,223.7,2004-09-02,06:21:54
274,262,53,[1 2 3 4 5 6],3261,222,223,28.45,2004-09-02,06:21:54
275,432,53,[1 2 3],35,182,196,8.21,2004-09-02,06:21:54
276,473,54,[1 2],2224,65,190,1239.02,2004-04-05,06:12:05
277,408,55,[1 2 3 4 5],715,104,67,82.64,2011-11-25,23:39:39
278,171,56,[1 2 3 4],2830,270,201,13.37,2006-08-28,23:48:07
279,239,56,[1 2],2450,488,178,8.4,2006-08-28,23:48:07
280,199,56,[1 2 3 4 5 6 7 8],1677,54,80,135.52,2006-08-28,23:48:07
281,458,56,[1 2 3 4 5 6],3088,85,247,18.24,2006-08-28,23:48:07
282,281,57,[1 2 3 4],3276,7,77,8.71,2006-08-28,23:48:07
283,157,57,[1 2],1280,31,18,176.38,2006-08-28,23:48:07
284,65,57,[1 2 3 4 5 6 7 8],2233,483,129,190.28,2006-08-28,23:48:07
285,413,57,[1 2 3 4 5 6],2112,450,49,610.77,2006-08-28,23:48:07
286,480,58,[1 2 3 4],3027,35,186,10.51,2006-08-28,23:48:07
287,36,58,[1 2],2287,173,244,787.88,2006-08-28,23:48:07
288,306,58,[1 2 3 4 5 6 7 8],1530,270,35,52.3,2006-08-28,23:48:07
289,145,58,[1 2 3 4 5 6],3358,427,178,44.83,2006-08-28,23:48:07
290,121,59,[1 2 3 4],1562,154,238,19.48,2006-08-28,23:48:07
291,190,59,[1 2],1120,171,206,29.2,2006-08-28,23:48:07
292,118,59,[1 2 3 4 5 6 7 8],489,456,196,24.11,2006-08-28,23:48:07
293,102,59,[1 2 3 4 5 6],2745,77,44,44.82,2006-08-28,23:48:07
294,484,60,[1 2 3 4 5 6],3104,59,122,7.91,2001-01-07,04:27:25
295,213,60,[1 2],3742,313,132,30.37,2001-01-07,04:27:25
296,344,60,[1 2 3 4 5 6 7 8 9],3777,125,156,179.53,2001-01-07,04:27:25
297,306,61,[1 2 3 4 5 6],258,437,33,12.53,2001-01-07,04:27:25
298,299,61,[1 2],254,21,114,14.43,2001-01-07,04:27:25
299,331,61,[1 2 3 4 5 6 7 8 9],2082,42,248,27.67,2001-01-07,04:27:25
300,451,62,[1 2 3 4 5 6],2529,96,58,1.87,2001-01-07,04:27:25
301,84,62,[1 2],1954,485,61,18.32,2001-01-07,04:27:25
302,60,62,[1 2 3 4 5 6 7 8 9],3791,357,123,54.54,2001-01-07,04:27:25
303,372,63,[1 2 3 4 5 6 7],37,217,139,10.03,2014-11-10,23:20:30
304,229,63,[1 2 3 4],1686,17,226,14.89,2014-11-10,23:20:30
305,245,63,[1 2],3526,257,82,18.57,2014-11-10,23:20:30
306,19,64,[1 2 3 4 5 6 7],142,62,87,32.88,2014-11-10,23:20:30
307,13,64,[1 2 3 4],2824,387,181,27.5,2014-11-10,23:20:30
308,150,64,[1 2],464,361,155,12.81,2014-11-10,23:20:30
309,168,65,[1 2 3 4 5 6 7],1369,70,237,695.28,2014-11-10,23:20:30
310,113,65,[1 2 3 4],3022,319,142,39.55,2014-11-10,23:20:30
311,124,65,[1 2],2396,496,187,224.68,2014-11-10,23:20:30
312,269,66,[1 2 3 4 5 6],2444,186,95,212.12,2002-10-05,14:43:00
313,454,66,[1],801,203,238,56.38,2002-10-05,14:43:00
314,103,66,[1 2 3 4 5 6 7 8],1043,43,55,123.59,2002-10-05,14:43:00
315,176,66,[1 2 3],1833,465,3,33.82,2002-10-05,14:43:00
316,436,66,[1 2 3 4 5 6 7 8],956,63,113,1851.18,2002-10-05,14:43:00
317,427,66,[ 1  2  3  4  5  6  7  8  9 10 11],2187,386,105,264.71,2002-10-05,14:43:00
318,269,67,[1 2 3 4 5 6],345,27,92,17.14,2002-10-05,14:43:00
319,430,67,[1],999,255,245,8.22,2002-10-05,14:43:00
320,253,67,[1 2 3 4 5 6 7 8],277,424,147,40.01,2002-10-05,14:43:00
321,164,67,[1 2 3],2806,95,144,87.33,2002-10-05,14:43:00
322,109,67,[1 2 3 4 5 6 7 8],2587,247,56,64.75,2002-10-05,14:43:00
323,132,67,[ 1  2  3  4  5  6  7  8  9 10 11],607,203,48,1549.32,2002-10-05,14:43:00
324,142,68,[1 2 3 4 5 6],278,425,194,17.93,2002-10-05,14:43:00
325,466,68,[1],1116,7,150,1208.84,2002-10-05,14:43:00
326,189,68,[1 2 3 4 5 6 7 8],2032,461,75,19.15,2002-10-05,14:43:00
327,228,68,[1 2 3],3100,494,176,30.93,2002-10-05,14:43:00
328,317,68,[1 2 3 4 5 6 7 8],1788,134,231,11.57,2002-10-05,14:43:00
329,207,68,[ 1  2  3  4  5  6  7  8  9 10 11],3436,374,117,15.53,2002-10-05,14:43:00
330,298,69,[1 2 3 4 5 6],2774,137,221,163.71,2002-10-05,14:43:00
331,493,69,[1],1580,60,101,17.05,2002-10-05,14:43:00
332,404,69,[1 2 3 4 5 6 7 8],2371,247,139,739.83,2002-10-05,14:43:00
333,190,69,[1 2 3],1286,147,196,28.18,2002-10-05,14:43:00
334,190,69,[1 2 3 4 5 6 7 8],1197,240,82,13.07,2002-10-05,14:43:00
335,9,69,[ 1  2  3  4  5  6  7  8  9 10 11],1368,80,174,10.52,2002-10-05,14:43:00
336,247,70,[1 2 3 4 5 6],3307,486,245,87.11,2002-10-05,14:43:00
337,311,70,[1],1354,265,38,126.2,2002-10-05,14:43:00
338,490,70,[1 2 3 4 5 6 7 8],2207,278,100,17.67,2002-10-05,14:43:00
339,460,70,[1 2 3],3007,315,68,14.16,2002-10-05,14:43:00
340,471,70,[1 2 3 4 5 6 7 8],2665,8,61,397.33,2002-10-05,14:43:00
341,268,70,[ 1  2  3  4  5  6  7  8  9 10 11],2783,262,76,14.28,2002-10-05,14:43:00
342,8,71,[1 2 3 4 5 6],14,184,27,27.77,2002-10-05,14:43:00
343,471,71,[1],3133,495,121,15.2,2002-10-05,14:43:00
344,489,71,[1 2 3 4 5 6 7 8],3451,457,166,19.62,2002-10-05,14:43:00
345,400,71,[1 2 3],2626,458,36,11.87,2002-10-05,14:43:00
346,477,71,[1 2 3 4 5 6 7 8],1070,190,240,9.23,2002-10-05,14:43:00
347,47,71,[ 1  2  3  4  5  6  7  8  9 10 11],2643,380,15,47.58,2002-10-05,14:43:00
348,376,72,[1 2],2690,411,164,19.94,2008-01-19,08:29:05
349,495,73,[1 2 3 4 5 6 7 8],2596,106,86,10.18,2022-02-20,01:13:18
350,51,73,[1 2 3 4 5],1717,279,73,30.84,2022-02-20,01:13:18
351,411,73,[1],2226,432,129,268.93,2022-02-20,01:13:18
352,293,73,[1 2 3 4],618,275,73,23.98,2022-02-20,01:13:18
353,35,73,[1 2 3 4],1750,124,202,18.59,2022-02-20,01:13:18
354,370,73,[1 2],871,166,230,1805.01,2022-02-20,01:13:18
355,383,74,[1 2 3 4 5 6 7 8],3692,432,179,19.21,2022-02-20,01:13:18
356,43,74,[1 2 3 4 5],3102,485,73,33.69,2022-02-20,01:13:18
357,205,74,[1],1128,18,98,15.08,2022-02-20,01:13:18
358,327,74,[1 2 3 4],3497,308,202,12.03,2022-02-20,01:13:18
359,261,74,[1 2 3 4],3687,236,82,14.61,2022-02-20,01:13:18
360,314,74,[1 2],2618,37,161,212.43,2022-02-20,01:13:18
361,384,75,[1 2 3 4 5 6 7 8],2423,228,108,13.79,2022-02-20,01:13:18
362,69,75,[1 2 3 4 5],701,205,143,41.31,2022-02-20,01:13:18
363,127,75,[1],1150,307,88,18.15,2022-02-20,01:13:18
364,2,75,[1 2 3 4],285,426,45,11.06,2022-02-20,01:13:18
365,17,75,[1 2 3 4],1873,249,57,5.36,2022-02-20,01:13:18
366,316,75,[1 2],325,153,100,21.65,2022-02-20,01:13:18
367,404,76,[1 2 3 4 5 6 7 8],3636,461,83,14.35,2022-02-20,01:13:18
368,259,76,[1 2 3 4 5],3195,125,211,65.37,2022-02-20,01:13:18
369,491,76,[1],2411,143,217,985.86,2022-02-20,01:13:18
370,437,76,[1 2 3 4],759,332,126,7.18,2022-02-20,01:13:18
371,201,76,[1 2 3 4],2200,343,172,331.96,2022-02-20,01:13:18
372,130,76,[1 2],1535,425,150,17.83,2022-02-20,01:13:18
373,409,77,[1 2 3 4 5 6 7 8],1818,180,249,68.1,2022-02-20,01:13:18
374,32,77,[1 2 3 4 5],1614,368,203,15.74,2022-02-20,01:13:18
375,126,77,[1],1434,211,237,10.0,2022-02-20,01:13:18
376,179,77,[1 2 3 4],524,117,197,10.45,2022-02-20,01:13:18
377,76,77,[1 2 3 4],2288,428,124,49.75,2022-02-20,01:13:18
378,414,77,[1 2],3578,100,71,222.54,2022-02-20,01:13:18
379,8,78,[1 2 3 4 5 6 7 8],2239,402,225,684.74,2022-02-20,01:13:18
380,338,78,[1 2 3 4 5],2426,254,2,13.25,2022-02-20,01:13:18
381,34,78,[1],83,100,242,19.41,2022-02-20,01:13:18
382,181,78,[1 2 3 4],1981,370,209,21.85,2022-02-20,01:13:18
383,26,78,[1 2 3 4],2177,435,79,292.8,2022-02-20,01:13:18
384,232,78,[1 2],3359,389,38,18.25,2022-02-20,01:13:18
385,80,79,[ 1  2  3  4  5  6  7  8  9 10],2769,472,113,20.68,2004-04-17,21:10:54
386,364,79,[1 2 3 4 5 6 7],1378,237,141,4.34,2004-04-17,21:10:54
387,38,79,[1 2 3 4 5 6 7 8],1666,124,52,17.19,2004-04-17,21:10:54
388,266,79,[1 2 3 4 5 6 7],180,195,8,10.08,2004-04-17,21:10:54
389,92,79,[1 2 3 4],3724,327,219,14.33,2004-04-17,21:10:54
390,53,79,[1 2 3 4 5],1927,284,81,144.31,2004-04-17,21:10:54
391,488,79,[1 2 3 4 5],410,402,42,16.4,2004-04-17,21:10:54
392,301,80,[ 1  2  3  4  5  6  7  8  9 10],796,67,46,44.09,2004-04-17,21:10:54
393,126,80,[1 2 3 4 5 6 7],3642,241,21,19.92,2004-04-17,21:10:54
394,198,80,[1 2 3 4 5 6 7 8],432,115,171,22.62,2004-04-17,21:10:54
395,452,80,[1 2 3 4 5 6 7],2734,171,186,17.69,2004-04-17,21:10:54
396,102,80,[1 2 3 4],945,264,15,19.83,2004-04-17,21:10:54
397,195,80,[1 2 3 4 5],3738,224,218,28.92,2004-04-17,21:10:54
398,44,80,[1 2 3 4 5],1404,197,199,158.8,2004-04-17,21:10:54
399,329,81,[ 1  2  3  4  5  6  7  8  9 10],1478,77,22,9.18,2004-04-17,21:10:54
400,445,81,[1 2 3 4 5 6 7],1155,443,197,37.56,2004-04-17,21:10:54
401,499,81,[1 2 3 4 5 6 7 8],2412,222,182,588.74,2004-04-17,21:10:54
402,154,81,[1 2 3 4 5 6 7],2045,65,1,14.92,2004-04-17,21:10:54
403,239,81,[1 2 3 4],2569,485,250,53.79,2004-04-17,21:10:54
404,242,81,[1 2 3 4 5],3731,161,100,22.4,2004-04-17,21:10:54
405,36,81,[1 2 3 4 5],882,412,150,47.52,2004-04-17,21:10:54
406,249,82,[ 1  2  3  4  5  6  7  8  9 10],1143,290,185,184.0,2004-04-17,21:10:54
407,479,82,[1 2 3 4 5 6 7],1480,53,143,20.75,2004-04-17,21:10:54
408,486,82,[1 2 3 4 5 6 7 8],3451,174,232,20.93,2004-04-17,21:10:54
409,248,82,[1 2 3 4 5 6 7],471,360,99,809.37,2004-04-17,21:10:54
410,397,82,[1 2 3 4],3238,397,240,29.8,2004-04-17,21:10:54
411,344,82,[1 2 3 4 5],3461,120,22,158.26,2004-04-17,21:10:54
412,348,82,[1 2 3 4 5],2211,208,191,142.39,2004-04-17,21:10:54
413,363,83,[ 1  2  3  4  5  6  7  8  9 10],1655,220,11,9.2,2004-04-17,21:10:54
414,378,83,[1 2 3 4 5 6 7],2868,301,234,21.73,2004-04-17,21:10:54
415,56,83,[1 2 3 4 5 6 7 8],1159,225,225,198.38,2004-04-17,21:10:54
416,17,83,[1 2 3 4 5 6 7],2896,32,215,42.89,2004-04-17,21:10:54
417,36,83,[1 2 3 4],587,268,54,14.65,2004-04-17,21:10:54
418,473,83,[1 2 3 4 5],2637,463,54,13.55,2004-04-17,21:10:54
419,111,83,[1 2 3 4 5],465,17,221,14.68,2004-04-17,21:10:54
420,391,84,[ 1  2  3  4  5  6  7  8  9 10],2625,397,69,295.46,2004-04-17,21:10:54
421,341,84,[1 2 3 4 5 6 7],2339,131,192,537.44,2004-04-17,21:10:54
422,292,84,[1 2 3 4 5 6 7 8],537,302,203,17.74,2004-04-17,21:10:54
423,254,84,[1 2 3 4 5 6 7],2011,407,50,8.91,2004-04-17,21:10:54
424,167,84,[1 2 3 4],14,152,90,28.65,2004-04-17,21:10:54
425,438,84,[1 2 3 4 5],2648,95,49,22.26,2004-04-17,21:10:54
426,0,84,[1 2 3 4 5],312,186,74,155.96,2004-04-17,21:10:54
427,239,85,[ 1  2  3  4  5  6  7  8  9 10],486,311,243,4.58,2004-04-17,21:10:54
428,412,85,[1 2 3 4 5 6 7],3526,214,95,21.14,2004-04-17,21:10:54
429,244,85,[1 2 3 4 5 6 7 8],367,147,223,25.62,2004-04-17,21:10:54
430,272,85,[1 2 3 4 5 6 7],3189,414,76,3.22,2004-04-17,21:10:54
431,315,85,[1 2 3 4],2172,219,209,102.32,2004-04-17,21:10:54
432,217,85,[1 2 3 4 5],2304,140,173,453.99,2004-04-17,21:10:54
433,292,85,[1 2 3 4 5],348,277,193,892.8,2004-04-17,21:10:54
434,364,86,[ 1  2  3  4  5  6  7  8  9 10 11 12],3429,191,221,15.62,2018-09-30,21:37:58
435,267,86,[1 2 3 4 5 6 7],772,370,177,5.55,2018-09-30,21:37:58
436,458,86,[1 2 3 4 5 6 7 8 9],975,80,237,28.11,2018-09-30,21:37:58
437,319,86,[1 2 3 4 5 6],185,219,43,9.29,2018-09-30,21:37:58
438,418,86,[ 1  2  3  4  5  6  7  8  9 10 11 12],3232,252,79,36.11,2018-09-30,21:37:58
439,184,86,[ 1  2  3  4  5  6  7  8  9 10 11],1758,409,25,207.61,2018-09-30,21:37:58
440,311,86,[1 2 3],2137,188,216,557.68,2018-09-30,21:37:58
441,219,87,[ 1  2  3  4  5  6  7  8  9 10 11 12],1596,466,190,11.89,2018-09-30,21:37:58
442,390,87,[1 2 3 4 5 6 7],2387,41,174,522.61,2018-09-30,21:37:58
443,443,87,[1 2 3 4 5 6 7 8 9],178,392,29,17.12,2018-09-30,21:37:58
444,206,87,[1 2 3 4 5 6],2050,166,96,21.23,2018-09-30,21:37:58
445,296,87,[ 1  2  3  4  5  6  7  8  9 10 11 12],91,11,244,18.39,2018-09-30,21:37:58
446,216,87,[ 1  2  3  4  5  6  7  8  9 10 11],176,444,61,14.45,2018-09-30,21:37:58
447,249,87,[1 2 3],3671,153,68,36.79,2018-09-30,21:37:58
448,432,88,[ 1  2  3  4  5  6  7  8  9 10 11 12],2894,303,159,19.37,2018-09-30,21:37:58
449,189,88,[1 2 3 4 5 6 7],3571,495,8,43.77,2018-09-30,21:37:58
450,258,88,[1 2 3 4 5 6 7 8 9],1587,3,120,5.98,2018-09-30,21:37:58
451,454,88,[1 2 3 4 5 6],476,15,26,1017.63,2018-09-30,21:37:58
452,336,88,[ 1  2  3  4  5  6  7  8  9 10 11 12],2620,85,55,26.02,2018-09-30,21:37:58
453,332,88,[ 1  2  3  4  5  6  7  8  9 10 11],642,58,2,1223.52,2018-09-30,21:37:58
454,464,88,[1 2 3],1384,200,185,136.35,2018-09-30,21:37:58
455,416,89,[ 1  2  3  4  5  6  7  8  9 10 11 12],1483,393,13,54.11,2018-09-30,21:37:58
456,286,89,[1 2 3 4 5 6 7],1059,158,145,17.58,2018-09-30,21:37:58
457,140,89,[1 2 3 4 5 6 7 8 9],1966,424,243,22.42,2018-09-30,21:37:58
458,212,89,[1 2 3 4 5 6],2776,439,64,24.45,2018-09-30,21:37:58
459,156,89,[ 1  2  3  4  5  6  7  8  9 10 11 12],283,209,170,9.04,2018-09-30,21:37:58
460,308,89,[ 1  2  3  4  5  6  7  8  9 10 11],1799,48,80,12.36,2018-09-30,21:37:58
461,362,89,[1 2 3],1457,479,186,15.9,2018-09-30,21:37:58
462,337,90,[ 1  2  3  4  5  6  7  8  9 10 11 12],3352,82,60,11.5,2018-09-30,21:37:58
463,303,90,[1 2 3 4 5 6 7],964,401,42,520.63,2018-09-30,21:37:58
464,490,90,[1 2 3 4 5 6 7 8 9],6,293,8,128.34,2018-09-30,21:37:58
465,199,90,[1 2 3 4 5 6],2307,210,51,776.18,2018-09-30,21:37:58
466,196,90,[ 1  2  3  4  5  6  7  8  9 10 11 12],1233,39,152,46.76,2018-09-30,21:37:58
467,232,90,[ 1  2  3  4  5  6  7  8  9 10 11],356,327,92,16.67,2018-09-30,21:37:58
468,376,90,[1 2 3],2807,93,248,48.92,2018-09-30,21:37:58
469,257,91,[ 1  2  3  4  5  6  7  8  9 10 11 12],788,205,138,280.21,2018-09-30,21:37:58
470,7,91,[1 2 3 4 5 6 7],1618,115,35,34.58,2018-09-30,21:37:58
471,390,91,[1 2 3 4 5 6 7 8 9],32,418,31,10.99,2018-09-30,21:37:58
472,284,91,[1 2 3 4 5 6],3534,354,64,14.66,2018-09-30,21:37:58
473,46,91,[ 1  2  3  4  5  6  7  8  9 10 11 12],794,42,170,10.22,2018-09-30,21:37:58
474,44,91,[ 1  2  3  4  5  6  7  8  9 10 11],2011,4,35,7.8,2018-09-30,21:37:58
475,322,91,[1 2 3],3693,408,202,143.19,2018-09-30,21:37:58
476,286,92,[ 1  2  3  4  5  6  7  8  9 10 11 12],2187,169,4,229.62,2018-09-30,21:37:58
477,286,92,[1 2 3 4 5 6 7],1940,298,113,22.74,2018-09-30,21:37:58
478,444,92,[1 2 3 4 5 6 7 8 9],2965,175,187,13.48,2018-09-30,21:37:58
479,30,92,[1 2 3 4 5 6],1239,229,126,14.92,2018-09-30,21:37:58
480,299,92,[ 1  2  3  4  5  6  7  8  9 10 11 12],2175,358,50,210.94,2018-09-30,21:37:58
481,74,92,[ 1  2  3  4  5  6  7  8  9 10 11],1819,328,250,13.26,2018-09-30,21:37:58
482,85,92,[1 2 3],48,25,58,9.04,2018-09-30,21:37:58
483,301,93,[ 1  2  3  4  5  6  7  8  9 10],513,368,237,16.3,2020-08-05,05:00:54
484,262,93,[1 2 3 4 5 6],3442,156,59,14.44,2020-08-05,05:00:54
485,256,93,[1 2 3 4 5 6],1216,120,92,14.56,2020-08-05,05:00:54
486,153,93,[ 1  2  3  4  5  6  7  8  9 10 11],1617,208,212,32.72,2020-08-05,05:00:54
487,430,93,[ 1  2  3  4  5  6  7  8  9 10 11],499,168,40,4.29,2020-08-05,05:00:54
488,395,93,[1 2 3 4 5 6 7 8],606,217,141,1804.03,2020-08-05,05:00:54
489,45,93,[ 1  2  3  4  5  6  7  8  9 10 11 12],1911,9,108,27.83,2020-08-05,05:00:54
490,185,93,[1 2 3 4 5],1270,454,73,182.89,2020-08-05,05:00:54
491,499,94,[ 1  2  3  4  5  6  7  8  9 10],2921,231,189,14.1,2020-08-05,05:00:54
492,305,94,[1 2 3 4 5 6],1894,475,200,163.93,2020-08-05,05:00:54
493,249,94,[1 2 3 4 5 6],600,382,157,26.37,2020-08-05,05:00:54
494,446,94,[ 1  2  3  4  5  6  7  8  9 10 11],3537,111,242,52.18,2020-08-05,05:00:54
495,250,94,[ 1  2  3  4  5  6  7  8  9 10 11],3301,219,231,21.22,2020-08-05,05:00:54
496,302,94,[1 2 3 4 5 6 7 8],2634,306,12,50.4,2020-08-05,05:00:54
497,63,94,[ 1  2  3  4  5  6  7  8  9 10 11 12],1114,450,216,17.62,2020-08-05,05:00:54
498,232,94,[1 2 3 4 5],1345,73,235,9.82,2020-08-05,05:00:54
499,268,95,[ 1  2  3  4  5  6  7  8  9 10],882,188,156,42.32,2020-08-05,05:00:54
500,474,95,[1 2 3 4 5 6],2138,131,180,210.61,2020-08-05,05:00:54
501,482,95,[1 2 3 4 5 6],2406,366,69,572.01,2020-08-05,05:00:54
502,444,95,[ 1  2  3  4  5  6  7  8  9 10 11],1807,72,73,9.16,2020-08-05,05:00:54
503,427,95,[ 1  2  3  4  5  6  7  8  9 10 11],3489,282,84,24.14,2020-08-05,05:00:54
504,260,95,[1 2 3 4 5 6 7 8],2701,97,140,17.51,2020-08-05,05:00:54
505,153,95,[ 1  2  3  4  5  6  7  8  9 10 11 12],558,289,186,565.26,2020-08-05,05:00:54
506,11,95,[1 2 3 4 5],2628,29,152,39.58,2020-08-05,05:00:54
507,65,96,[ 1  2  3  4  5  6  7  8  9 10],1374,202,165,23.06,2020-08-05,05:00:54
508,9,96,[1 2 3 4 5 6],1566,151,177,15.58,2020-08-05,05:00:54
509,447,96,[1 2 3 4 5 6],3537,111,129,52.18,2020-08-05,05:00:54
510,93,96,[ 1  2  3  4  5  6  7  8  9 10 11],2216,472,167,182.66,2020-08-05,05:00:54
511,24,96,[ 1  2  3  4  5  6  7  8  9 10 11],1547,213,149,408.05,2020-08-05,05:00:54
512,287,96,[1 2 3 4 5 6 7 8],64,463,220,133.98,2020-08-05,05:00:54
513,147,96,[ 1  2  3  4  5  6  7  8  9 10 11 12],3621,84,99,20.63,2020-08-05,05:00:54
514,270,96,[1 2 3 4 5],3054,470,208,9.04,2020-08-05,05:00:54
515,361,97,[ 1  2  3  4  5  6  7  8  9 10],83,64,51,18.75,2020-08-05,05:00:54
516,430,97,[1 2 3 4 5 6],3707,426,67,45.5,2020-08-05,05:00:54
517,404,97,[1 2 3 4 5 6],1653,139,49,10.8,2020-08-05,05:00:54
518,151,97,[ 1  2  3  4  5  6  7  8  9 10 11],671,386,21,12.74,2020-08-05,05:00:54
519,487,97,[ 1  2  3  4  5  6  7  8  9 10 11],2878,152,153,8.95,2020-08-05,05:00:54
520,121,97,[1 2 3 4 5 6 7 8],3105,369,141,50.69,2020-08-05,05:00:54
521,47,97,[ 1  2  3  4  5  6  7  8  9 10 11 12],1178,131,236,57.25,2020-08-05,05:00:54
522,292,97,[1 2 3 4 5],1169,352,124,76.34,2020-08-05,05:00:54
523,201,98,[ 1  2  3  4  5  6  7  8  9 10],3478,363,218,14.54,2020-08-05,05:00:54
524,352,98,[1 2 3 4 5 6],2135,233,192,540.55,2020-08-05,05:00:54
525,164,98,[1 2 3 4 5 6],304,451,214,250.97,2020-08-05,05:00:54
526,299,98,[ 1  2  3  4  5  6  7  8  9 10 11],452,193,88,13.29,2020-08-05,05:00:54
527,5,98,[ 1  2  3  4  5  6  7  8  9 10 11],3181,319,139,20.62,2020-08-05,05:00:54
528,347,98,[1 2 3 4 5 6 7 8],1947,89,119,11.38,2020-08-05,05:00:54
529,284,98,[ 1  2  3  4  5  6  7  8  9 10 11 12],2596,291,30,10.13,2020-08-05,05:00:54
530,226,98,[1 2 3 4 5],1349,241,6,21.9,2020-08-05,05:00:54
531,155,99,[ 1  2  3  4  5  6  7  8  9 10],3505,23,162,50.42,2020-08-05,05:00:54
532,428,99,[1 2 3 4 5 6],1,44,202,329.52,2020-08-05,05:00:54
533,476,99,[1 2 3 4 5 6],3199,394,82,21.97,2020-08-05,05:00:54
534,163,99,[ 1  2  3  4  5  6  7  8  9 10 11],665,62,135,29.03,2020-08-05,05:00:54
535,216,99,[ 1  2  3  4  5  6  7  8  9 10 11],3163,451,250,22.7,2020-08-05,05:00:54
536,151,99,[1 2 3 4 5 6 7 8],1901,19,10,15.91,2020-08-05,05:00:54
537,334,99,[ 1  2  3  4  5  6  7  8  9 10 11 12],2040,413,174,18.97,2020-08-05,05:00:54
538,295,99,[1 2 3 4 5],1446,242,215,13.89,2020-08-05,05:00:54
539,142,100,[ 1  2  3  4  5  6  7  8  9 10],2519,394,238,47.88,2020-08-05,05:00:54
540,280,100,[1 2 3 4 5 6],130,280,112,61.4,2020-08-05,05:00:54
541,229,100,[1 2 3 4 5 6],3345,318,203,75.74,2020-08-05,05:00:54
542,130,100,[ 1  2  3  4  5  6  7  8  9 10 11],3590,310,73,14.09,2020-08-05,05:00:54
543,14,100,[ 1  2  3  4  5  6  7  8  9 10 11],2506,88,245,18.76,2020-08-05,05:00:54
544,405,100,[1 2 3 4 5 6 7 8],163,108,173,427.52,2020-08-05,05:00:54
545,177,100,[ 1  2  3  4  5  6  7  8  9 10 11 12],3257,108,224,16.42,2020-08-05,05:00:54
546,273,100,[1 2 3 4 5],3717,88,127,16.46,2020-08-05,05:00:54
547,259,101,[1 2 3 4 5 6 7 8 9],3722,373,182,61.65,2021-04-06,22:50:17
548,45,101,[1 2 3 4 5 6 7 8 9],3513,410,95,23.03,2021-04-06,22:50:17
549,260,101,[1 2],3102,189,186,34.9,2021-04-06,22:50:17
550,384,101,[1 2 3 4 5 6],2448,273,17,85.86,2021-04-06,22:50:17
551,275,101,[1 2 3 4 5],1799,186,128,16.94,2021-04-06,22:50:17
552,258,101,[1 2 3 4 5 6],3077,19,40,97.86,2021-04-06,22:50:17
553,89,101,[1 2 3 4 5 6 7 8 9],2080,40,133,46.75,2021-04-06,22:50:17
554,23,102,[1 2 3 4 5 6 7 8 9],1058,352,31,19.07,2021-04-06,22:50:17
555,114,102,[1 2 3 4 5 6 7 8 9],694,109,97,21.56,2021-04-06,22:50:17
556,294,102,[1 2],1770,226,102,26.33,2021-04-06,22:50:17
557,183,102,[1 2 3 4 5 6],3629,422,60,129.02,2021-04-06,22:50:17
558,87,102,[1 2 3 4 5],742,69,249,13.0,2021-04-06,22:50:17
559,157,102,[1 2 3 4 5 6],919,197,38,4.29,2021-04-06,22:50:17
560,469,102,[1 2 3 4 5 6 7 8 9],1026,347,79,12.67,2021-04-06,22:50:17
561,207,103,[1 2 3 4 5 6 7 8 9],2832,150,177,18.69,2021-04-06,22:50:17
562,379,103,[1 2 3 4 5 6 7 8 9],990,309,14,25.37,2021-04-06,22:50:17
563,389,103,[1 2],246,9,65,7.73,2021-04-06,22:50:17
564,331,103,[1 2 3 4 5 6],882,412,9,47.52,2021-04-06,22:50:17
565,414,103,[1 2 3 4 5],3701,194,1,18.03,2021-04-06,22:50:17
566,499,103,[1 2 3 4 5 6],380,322,200,13.05,2021-04-06,22:50:17
567,332,103,[1 2 3 4 5 6 7 8 9],3244,131,208,64.43,2021-04-06,22:50:17
568,458,104,[1 2 3 4 5 6 7 8 9],3613,291,191,49.54,2021-04-06,22:50:17
569,84,104,[1 2 3 4 5 6 7 8 9],163,11,230,438.29,2021-04-06,22:50:17
570,39,104,[1 2],2618,7,37,222.12,2021-04-06,22:50:17
571,445,104,[1 2 3 4 5 6],2064,129,121,10.65,2021-04-06,22:50:17
572,320,104,[1 2 3 4 5],2198,280,223,742.0,2021-04-06,22:50:17
573,175,104,[1 2 3 4 5 6],3781,260,21,16.9,2021-04-06,22:50:17
574,206,104,[1 2 3 4 5 6 7 8 9],2690,312,229,19.45,2021-04-06,22:50:17
575,138,105,[1 2 3 4 5 6 7 8 9],1843,76,144,10.03,2021-04-06,22:50:17
576,50,105,[1 2 3 4 5 6 7 8 9],688,161,171,10.24,2021-04-06,22:50:17
577,259,105,[1 2],2918,181,162,191.13,2021-04-06,22:50:17
578,440,105,[1 2 3 4 5 6],3472,224,108,6.43,2021-04-06,22:50:17
579,209,105,[1 2 3 4 5],1840,180,146,12.18,2021-04-06,22:50:17
580,400,105,[1 2 3 4 5 6],2209,403,84,40.39,2021-04-06,22:50:17
581,494,105,[1 2 3 4 5 6 7 8 9],1329,320,42,23.55,2021-04-06,22:50:17
582,394,106,[1 2 3 4 5 6 7 8 9],746,63,217,87.23,2021-04-06,22:50:17
583,455,106,[1 2 3 4 5 6 7 8 9],3480,171,69,8.56,2021-04-06,22:50:17
584,333,106,[1 2],2744,149,234,221.1,2021-04-06,22:50:17
585,394,106,[1 2 3 4 5 6],2745,247,212,39.38,2021-04-06,22:50:17
586,338,106,[1 2 3 4 5],352,222,229,1217.9,2021-04-06,22:50:17
587,314,106,[1 2 3 4 5 6],690,199,114,9.87,2021-04-06,22:50:17
588,21,106,[1 2 3 4 5 6 7 8 9],1027,315,4,36.17,2021-04-06,22:50:17
589,321,107,[1 2 3 4 5 6 7 8 9],775,85,213,23.59,2021-04-06,22:50:17
590,361,107,[1 2 3 4 5 6 7 8 9],3203,227,175,17.6,2021-04-06,22:50:17
591,111,107,[1 2],2998,256,89,130.64,2021-04-06,22:50:17
592,134,107,[1 2 3 4 5 6],2219,420,111,290.25,2021-04-06,22:50:17
593,369,107,[1 2 3 4 5],1562,423,193,19.25,2021-04-06,22:50:17
594,431,107,[1 2 3 4 5 6],2584,120,194,132.03,2021-04-06,22:50:17
595,208,107,[1 2 3 4 5 6 7 8 9],935,259,142,30.17,2021-04-06,22:50:17
596,170,108,[1 2 3 4 5 6 7 8 9],600,306,63,26.48,2022-02-12,23:14:12
597,372,108,[1 2 3 4 5 6 7],1346,423,117,15.28,2022-02-12,23:14:12
598,454,108,[1 2],3067,167,1,52.58,2022-02-12,23:14:12
599,481,108,[ 1  2  3  4  5  6  7  8  9 10 11],1921,299,232,21.03,2022-02-12,23:14:12
600,112,108,[1 2 3 4 5 6],31,407,114,53.5,2022-02-12,23:14:12
601,66,108,[ 1  2  3  4  5  6  7  8  9 10 11],3389,399,80,192.57,2022-02-12,23:14:12
602,227,108,[1 2 3 4 5 6],1205,142,158,12.83,2022-02-12,23:14:12
603,333,108,[1 2 3 4 5 6 7 8 9],3154,101,21,216.19,2022-02-12,23:14:12
604,76,109,[1 2 3 4 5 6 7 8 9],892,311,67,8.63,2022-02-12,23:14:12
605,354,109,[1 2 3 4 5 6 7],1036,313,209,20.56,2022-02-12,23:14:12
606,208,109,[1 2],3046,103,226,184.79,2022-02-12,23:14:12
607,469,109,[ 1  2  3  4  5  6  7  8  9 10 11],3799,464,88,78.04,2022-02-12,23:14:12
608,472,109,[1 2 3 4 5 6],151,4,201,15.69,2022-02-12,23:14:12
609,111,109,[ 1  2  3  4  5  6  7  8  9 10 11],2493,61,183,20.08,2022-02-12,23:14:12
610,215,109,[1 2 3 4 5 6],721,499,16,32.05,2022-02-12,23:14:12
611,221,109,[1 2 3 4 5 6 7 8 9],2152,418,39,760.35,2022-02-12,23:14:12
612,317,110,[1 2 3 4 5 6 7 8 9],1634,219,35,10.46,2022-02-12,23:14:12
613,176,110,[1 2 3 4 5 6 7],685,264,93,196.77,2022-02-12,23:14:12
614,289,110,[1 2],551,496,99,15.33,2022-02-12,23:14:12
615,294,110,[ 1  2  3  4  5  6  7  8  9 10 11],1926,380,56,12.57,2022-02-12,23:14:12
616,494,110,[1 2 3 4 5 6],921,456,23,13.76,2022-02-12,23:14:12
617,429,110,[ 1  2  3  4  5  6  7  8  9 10 11],2893,468,230,129.86,2022-02-12,23:14:12
618,231,110,[1 2 3 4 5 6],3593,487,6,8.42,2022-02-12,23:14:12
619,337,110,[1 2 3 4 5 6 7 8 9],41,390,195,12.34,2022-02-12,23:14:12
620,221,111,[1 2 3 4 5 6 7 8 9],1324,208,187,14.77,2022-02-12,23:14:12
621,479,111,[1 2 3 4 5 6 7],1378,133,16,4.95,2022-02-12,23:14:12
622,208,111,[1 2],3755,139,213,11.1,2022-02-12,23:14:12
623,28,111,[ 1  2  3  4  5  6  7  8  9 10 11],2084,196,239,17.19,2022-02-12,23:14:12
624,436,111,[1 2 3 4 5 6],3197,492,123,113.13,2022-02-12,23:14:12
625,309,111,[ 1  2  3  4  5  6  7  8  9 10 11],2071,10,163,9.63,2022-02-12,23:14:12
626,339,111,[1 2 3 4 5 6],3708,106,6,52.16,2022-02-12,23:14:12
627,234,111,[1 2 3 4 5 6 7 8 9],3123,458,154,656.27,2022-02-12,23:14:12
628,345,112,[1 2 3 4 5 6 7 8 9],2809,149,210,25.6,2022-02-12,23:14:12
629,273,112,[1 2 3 4 5 6 7],3815,173,75,11.32,2022-02-12,23:14:12
630,182,112,[1 2],3293,231,114,47.49,2022-02-12,23:14:12
631,162,112,[ 1  2  3  4  5  6  7  8  9 10 11],1447,18,191,42.98,2022-02-12,23:14:12
632,474,112,[1 2 3 4 5 6],3742,174,64,32.24,2022-02-12,23:14:12
633,290,112,[ 1  2  3  4  5  6  7  8  9 10 11],1934,83,98,9.56,2022-02-12,23:14:12
634,381,112,[1 2 3 4 5 6],3027,35,118,10.51,2022-02-12,23:14:12
635,233,112,[1 2 3 4 5 6 7 8 9],2491,445,54,63.97,2022-02-12,23:14:12
636,150,113,[1 2 3 4 5 6 7 8 9],2343,266,186,252.24,2022-02-12,23:14:12
637,296,113,[1 2 3 4 5 6 7],1258,66,47,231.66,2022-02-12,23:14:12
638,146,113,[1 2],880,127,72,1020.77,2022-02-12,23:14:12
639,285,113,[ 1  2  3  4  5  6  7  8  9 10 11],1084,123,9,12.21,2022-02-12,23:14:12
640,356,113,[1 2 3 4 5 6],476,61,171,1184.2,2022-02-12,23:14:12
641,232,113,[ 1  2  3  4  5  6  7  8  9 10 11],391,41,236,52.03,2022-02-12,23:14:12
642,486,113,[1 2 3 4 5 6],668,428,65,177.89,2022-02-12,23:14:12
643,51,113,[1 2 3 4 5 6 7 8 9],530,379,238,21.85,2022-02-12,23:14:12
644,167,114,[1 2 3 4 5 6 7 8 9],1823,173,46,58.31,2022-02-12,23:14:12
645,193,114,[1 2 3 4 5 6 7],2079,251,108,76.22,2022-02-12,23:14:12
646,475,114,[1 2],971,136,82,35.59,2022-02-12,23:14:12
647,117,114,[ 1  2  3  4  5  6  7  8  9 10 11],3216,12,128,88.42,2022-02-12,23:14:12
648,297,114,[1 2 3 4 5 6],163,468,85,370.03,2022-02-12,23:14:12
649,81,114,[ 1  2  3  4  5  6  7  8  9 10 11],2920,461,246,9.7,2022-02-12,23:14:12
650,262,114,[1 2 3 4 5 6],1459,424,125,7.97,2022-02-12,23:14:12
651,338,114,[1 2 3 4 5 6 7 8 9],1139,349,225,13.17,2022-02-12,23:14:12
652,476,115,[1 2 3 4 5 6 7 8 9],2560,175,125,11.15,2022-02-12,23:14:12
653,396,115,[1 2 3 4 5 6 7],1508,413,63,93.35,2022-02-12,23:14:12
654,400,115,[1 2],3049,26,98,12.19,2022-02-12,23:14:12
655,114,115,[ 1  2  3  4  5  6  7  8  9 10 11],2132,226,52,1037.51,2022-02-12,23:14:12
656,292,115,[1 2 3 4 5 6],1168,99,238,18.48,2022-02-12,23:14:12
657,111,115,[ 1  2  3  4  5  6  7  8  9 10 11],1733,481,11,18.53,2022-02-12,23:14:12
658,356,115,[1 2 3 4 5 6],2374,448,66,180.61,2022-02-12,23:14:12
659,31,115,[1 2 3 4 5 6 7 8 9],3528,222,125,142.76,2022-02-12,23:14:12
660,307,116,[1 2 3 4 5 6 7 8 9],1864,490,92,9.59,2013-03-09,09:08:31
661,144,117,[ 1  2  3  4  5  6  7  8  9 10],2183,167,219,150.18,2014-11-05,09:08:46
662,274,118,[1 2 3 4 5 6 7],3587,47,85,76.36,2002-07-08,16:48:12
663,67,118,[ 1  2  3  4  5  6  7  8  9 10 11],299,454,98,30.89,2002-07-08,16:48:12
664,243,118,[1 2 3 4 5 6 7 8],19,365,203,15.73,2002-07-08,16:48:12
665,151,118,[ 1  2  3  4  5  6  7  8  9 10 11],2453,86,105,19.28,2002-07-08,16:48:12
666,499,119,[1 2 3 4 5 6 7],537,441,13,17.1,2002-07-08,16:48:12
667,12,119,[ 1  2  3  4  5  6  7  8  9 10 11],216,274,2,14.84,2002-07-08,16:48:12
668,423,119,[1 2 3 4 5 6 7 8],1658,236,97,8.95,2002-07-08,16:48:12
669,187,119,[ 1  2  3  4  5  6  7  8  9 10 11],833,209,144,13.04,2002-07-08,16:48:12
670,323,120,[1 2 3 4 5 6 7],324,315,90,6.84,2002-07-08,16:48:12
671,68,120,[ 1  2  3  4  5  6  7  8  9 10 11],3441,298,194,199.75,2002-07-08,16:48:12
672,94,120,[1 2 3 4 5 6 7 8],3561,43,64,27.77,2002-07-08,16:48:12
673,496,120,[ 1  2  3  4  5  6  7  8  9 10 11],1029,72,92,115.44,2002-07-08,16:48:12
674,261,121,[1 2 3 4 5 6 7],3014,201,82,29.37,2002-07-08,16:48:12
675,152,121,[ 1  2  3  4  5  6  7  8  9 10 11],2859,188,189,485.34,2002-07-08,16:48:12
676,274,121,[1 2 3 4 5 6 7 8],1877,384,78,16.54,2002-07-08,16:48:12
677,370,121,[ 1  2  3  4  5  6  7  8  9 10 11],3799,464,200,78.04,2002-07-08,16:48:12
678,160,122,[ 1  2  3  4  5  6  7  8  9 10 11 12],1045,171,190,110.1,2020-10-05,03:17:40
679,1,122,[1 2],1422,31,129,6.69,2020-10-05,03:17:40
680,460,122,[ 1  2  3  4  5  6  7  8  9 10],917,164,220,28.96,2020-10-05,03:17:40
681,159,122,[1 2 3 4 5 6 7 8 9],3002,107,236,65.98,2020-10-05,03:17:40
682,423,122,[1 2 3 4 5 6 7],3161,62,218,362.33,2020-10-05,03:17:40
683,212,123,[ 1  2  3  4  5  6  7  8  9 10 11 12],2737,15,126,79.51,2020-10-05,03:17:40
684,322,123,[1 2],1771,481,192,39.75,2020-10-05,03:17:40
685,423,123,[ 1  2  3  4  5  6  7  8  9 10],1168,316,51,17.48,2020-10-05,03:17:40
686,24,123,[1 2 3 4 5 6 7 8 9],2676,49,123,73.27,2020-10-05,03:17:40
687,467,123,[1 2 3 4 5 6 7],207,35,203,15.09,2020-10-05,03:17:40
688,267,124,[ 1  2  3  4  5  6  7  8  9 10 11 12],1670,225,246,11.06,2020-10-05,03:17:40
689,338,124,[1 2],1307,370,239,13.53,2020-10-05,03:17:40
690,87,124,[ 1  2  3  4  5  6  7  8  9 10],1016,90,19,25.67,2020-10-05,03:17:40
691,103,124,[1 2 3 4 5 6 7 8 9],3093,310,116,64.58,2020-10-05,03:17:40
692,168,124,[1 2 3 4 5 6 7],3072,457,244,17.18,2020-10-05,03:17:40
693,62,125,[ 1  2  3  4  5  6  7  8  9 10 11 12],3428,487,91,153.26,2020-10-05,03:17:40
694,426,125,[1 2],2598,435,142,17.76,2020-10-05,03:17:40
695,474,125,[ 1  2  3  4  5  6  7  8  9 10],2889,183,221,64.81,2020-10-05,03:17:40
696,490,125,[1 2 3 4 5 6 7 8 9],2625,73,213,313.26,2020-10-05,03:17:40
697,256,125,[1 2 3 4 5 6 7],674,256,97,22.28,2020-10-05,03:17:40
698,483,126,[ 1  2  3  4  5  6  7  8  9 10 11 12],1121,122,210,51.15,2020-10-05,03:17:40
699,21,126,[1 2],356,173,185,15.75,2020-10-05,03:17:40
700,198,126,[ 1  2  3  4  5  6  7  8  9 10],1791,110,177,31.27,2020-10-05,03:17:40
701,492,126,[1 2 3 4 5 6 7 8 9],2618,37,86,212.43,2020-10-05,03:17:40
702,428,126,[1 2 3 4 5 6 7],1004,481,46,21.11,2020-10-05,03:17:40
703,468,127,[1 2 3],1234,43,56,1312.95,2012-01-13,09:35:22
704,152,127,[1 2 3 4],3718,177,222,96.71,2012-01-13,09:35:22
705,99,127,[ 1  2  3  4  5  6  7  8  9 10],108,405,150,10.59,2012-01-13,09:35:22
706,244,127,[ 1  2  3  4  5  6  7  8  9 10 11],3663,42,226,97.36,2012-01-13,09:35:22
707,431,127,[1 2 3 4 5 6 7],1119,448,104,57.6,2012-01-13,09:35:22
708,274,127,[1 2 3 4 5 6 7 8 9],676,482,117,38.25,2012-01-13,09:35:22
709,288,127,[1 2 3 4 5 6 7 8 9],2191,321,206,217.17,2012-01-13,09:35:22
710,494,127,[1 2 3 4 5 6 7 8],2957,443,102,91.91,2012-01-13,09:35:22
711,450,128,[1 2 3],53,454,148,32.91,2012-01-13,09:35:22
712,344,128,[1 2 3 4],167,357,223,13.94,2012-01-13,09:35:22
713,22,128,[ 1  2  3  4  5  6  7  8  9 10],926,138,1,26.84,2012-01-13,09:35:22
714,90,128,[ 1  2  3  4  5  6  7  8  9 10 11],1051,241,178,182.05,2012-01-13,09:35:22
715,300,128,[1 2 3 4 5 6 7],1133,475,137,251.12,2012-01-13,09:35:22
716,41,128,[1 2 3 4 5 6 7 8 9],3010,209,110,12.41,2012-01-13,09:35:22
717,234,128,[1 2 3 4 5 6 7 8 9],1684,39,199,89.1,2012-01-13,09:35:22
718,170,128,[1 2 3 4 5 6 7 8],1770,459,136,32.94,2012-01-13,09:35:22
719,385,129,[1 2 3],498,19,76,55.86,2012-01-13,09:35:22
720,396,129,[1 2 3 4],2987,32,165,8.44,2012-01-13,09:35:22
721,476,129,[ 1  2  3  4  5  6  7  8  9 10],3196,116,153,65.78,2012-01-13,09:35:22
722,350,129,[ 1  2  3  4  5  6  7  8  9 10 11],2915,484,47,11.27,2012-01-13,09:35:22
723,427,129,[1 2 3 4 5 6 7],432,123,135,23.82,2012-01-13,09:35:22
724,121,129,[1 2 3 4 5 6 7 8 9],2621,27,246,33.24,2012-01-13,09:35:22
725,246,129,[1 2 3 4 5 6 7 8 9],815,379,41,24.97,2012-01-13,09:35:22
726,395,129,[1 2 3 4 5 6 7 8],883,147,144,7.39,2012-01-13,09:35:22
727,432,130,[1 2 3],3317,54,161,24.95,2012-01-13,09:35:22
728,407,130,[1 2 3 4],1114,194,212,21.55,2012-01-13,09:35:22
729,434,130,[ 1  2  3  4  5  6  7  8  9 10],3808,237,10,36.01,2012-01-13,09:35:22
730,38,130,[ 1  2  3  4  5  6  7  8  9 10 11],997,210,193,112.48,2012-01-13,09:35:22
731,328,130,[1 2 3 4 5 6 7],727,487,207,19.4,2012-01-13,09:35:22
732,324,130,[1 2 3 4 5 6 7 8 9],3235,287,79,81.78,2012-01-13,09:35:22
733,198,130,[1 2 3 4 5 6 7 8 9],592,449,5,9.86,2012-01-13,09:35:22
734,26,130,[1 2 3 4 5 6 7 8],1455,147,47,12.23,2012-01-13,09:35:22
735,33,131,[1 2 3],340,204,219,13.03,2012-01-13,09:35:22
736,63,131,[1 2 3 4],2855,387,200,62.46,2012-01-13,09:35:22
737,292,131,[ 1  2  3  4  5  6  7  8  9 10],932,282,242,17.29,2012-01-13,09:35:22
738,108,131,[ 1  2  3  4  5  6  7  8  9 10 11],2806,95,109,87.33,2012-01-13,09:35:22
739,259,131,[1 2 3 4 5 6 7],3270,31,62,149.97,2012-01-13,09:35:22
740,79,131,[1 2 3 4 5 6 7 8 9],1538,490,9,211.37,2012-01-13,09:35:22
741,452,131,[1 2 3 4 5 6 7 8 9],1453,435,78,40.97,2012-01-13,09:35:22
742,417,131,[1 2 3 4 5 6 7 8],411,64,42,16.56,2012-01-13,09:35:22
743,128,132,[1 2 3],707,318,12,20.46,2012-01-13,09:35:22
744,26,132,[1 2 3 4],2005,427,151,33.15,2012-01-13,09:35:22
745,269,132,[ 1  2  3  4  5  6  7  8  9 10],1104,449,56,585.36,2012-01-13,09:35:22
746,153,132,[ 1  2  3  4  5  6  7  8  9 10 11],1932,39,250,9.87,2012-01-13,09:35:22
747,323,132,[1 2 3 4 5 6 7],685,221,220,198.1,2012-01-13,09:35:22
748,312,132,[1 2 3 4 5 6 7 8 9],1507,141,167,16.48,2012-01-13,09:35:22
749,397,132,[1 2 3 4 5 6 7 8 9],669,431,107,365.69,2012-01-13,09:35:22
750,42,132,[1 2 3 4 5 6 7 8],2901,95,117,40.94,2012-01-13,09:35:22
751,82,133,[1 2 3],1018,86,235,29.43,2012-01-13,09:35:22
752,155,133,[1 2 3 4],367,146,244,25.3,2012-01-13,09:35:22
753,249,133,[ 1  2  3  4  5  6  7  8  9 10],2265,497,133,1291.77,2012-01-13,09:35:22
754,7,133,[ 1  2  3  4  5  6  7  8  9 10 11],752,293,222,193.92,2012-01-13,09:35:22
755,110,133,[1 2 3 4 5 6 7],1386,50,201,22.46,2012-01-13,09:35:22
756,483,133,[1 2 3 4 5 6 7 8 9],2607,405,66,594.52,2012-01-13,09:35:22
757,190,133,[1 2 3 4 5 6 7 8 9],1502,199,40,12.51,2012-01-13,09:35:22
758,152,133,[1 2 3 4 5 6 7 8],1672,225,40,57.52,2012-01-13,09:35:22
759,414,134,[1 2 3],1464,427,6,13.26,2012-01-13,09:35:22
760,432,134,[1 2 3 4],107,54,110,40.02,2012-01-13,09:35:22
761,483,134,[ 1  2  3  4  5  6  7  8  9 10],1260,74,124,177.73,2012-01-13,09:35:22
762,306,134,[ 1  2  3  4  5  6  7  8  9 10 11],3055,376,216,11.97,2012-01-13,09:35:22
763,108,134,[1 2 3 4 5 6 7],3414,200,36,14.81,2012-01-13,09:35:22
764,27,134,[1 2 3 4 5 6 7 8 9],2846,210,34,219.86,2012-01-13,09:35:22
765,68,134,[1 2 3 4 5 6 7 8 9],3409,246,53,6.9,2012-01-13,09:35:22
766,262,134,[1 2 3 4 5 6 7 8],16,466,39,29.35,2012-01-13,09:35:22
767,287,135,[ 1  2  3  4  5  6  7  8  9 10 11],2267,253,111,95.54,2002-04-20,08:48:33
768,304,135,[ 1  2  3  4  5  6  7  8  9 10 11 12],3334,98,73,9.94,2002-04-20,08:48:33
769,179,135,[ 1  2  3  4  5  6  7  8  9 10 11 12],2140,218,233,598.71,2002-04-20,08:48:33
770,420,135,[ 1  2  3  4  5  6  7  8  9 10],3004,130,82,19.54,2002-04-20,08:48:33
771,418,135,[1],1729,449,53,23.87,2002-04-20,08:48:33
772,132,135,[ 1  2  3  4  5  6  7  8  9 10],3020,30,63,8.72,2002-04-20,08:48:33
773,50,136,[ 1  2  3  4  5  6  7  8  9 10 11],465,235,90,13.72,2002-04-20,08:48:33
774,77,136,[ 1  2  3  4  5  6  7  8  9 10 11 12],3236,37,24,14.78,2002-04-20,08:48:33
775,395,136,[ 1  2  3  4  5  6  7  8  9 10 11 12],1961,17,199,55.93,2002-04-20,08:48:33
776,382,136,[ 1  2  3  4  5  6  7  8  9 10],2486,352,232,11.45,2002-04-20,08:48:33
777,122,136,[1],725,17,92,15.49,2002-04-20,08:48:33
778,367,136,[ 1  2  3  4  5  6  7  8  9 10],2399,282,137,936.96,2002-04-20,08:48:33
779,391,137,[ 1  2  3  4  5  6  7  8  9 10 11],1528,268,227,12.8,2002-04-20,08:48:33
780,444,137,[ 1  2  3  4  5  6  7  8  9 10 11 12],2378,333,24,1773.62,2002-04-20,08:48:33
781,498,137,[ 1  2  3  4  5  6  7  8  9 10 11 12],3502,169,242,646.53,2002-04-20,08:48:33
782,358,137,[ 1  2  3  4  5  6  7  8  9 10],3173,352,18,14.17,2002-04-20,08:48:33
783,498,137,[1],3212,453,59,11.74,2002-04-20,08:48:33
784,397,137,[ 1  2  3  4  5  6  7  8  9 10],3144,203,90,111.29,2002-04-20,08:48:33
785,149,138,[ 1  2  3  4  5  6  7  8  9 10 11],2016,124,170,64.37,2002-04-20,08:48:33
786,238,138,[ 1  2  3  4  5  6  7  8  9 10 11 12],2128,319,158,518.41,2002-04-20,08:48:33
787,195,138,[ 1  2  3  4  5  6  7  8  9 10 11 12],3538,280,85,18.53,2002-04-20,08:48:33
788,353,138,[ 1  2  3  4  5  6  7  8  9 10],2968,98,107,208.88,2002-04-20,08:48:33
789,175,138,[1],3333,234,43,96.92,2002-04-20,08:48:33
790,18,138,[ 1  2  3  4  5  6  7  8  9 10],446,191,163,39.49,2002-04-20,08:48:33
791,234,139,[ 1  2  3  4  5  6  7  8  9 10 11],1224,301,129,1403.15,2002-04-20,08:48:33
792,223,139,[ 1  2  3  4  5  6  7  8  9 10 11 12],2957,371,250,93.13,2002-04-20,08:48:33
793,378,139,[ 1  2  3  4  5  6  7  8  9 10 11 12],3218,229,63,12.51,2002-04-20,08:48:33
794,5,139,[ 1  2  3  4  5  6  7  8  9 10],2112,107,95,610.34,2002-04-20,08:48:33
795,219,139,[1],1828,184,96,13.34,2002-04-20,08:48:33
796,411,139,[ 1  2  3  4  5  6  7  8  9 10],755,119,12,18.93,2002-04-20,08:48:33
797,172,140,[ 1  2  3  4  5  6  7  8  9 10 11],3375,2,182,20.66,2002-04-20,08:48:33
798,91,140,[ 1  2  3  4  5  6  7  8  9 10 11 12],583,135,127,20.97,2002-04-20,08:48:33
799,275,140,[ 1  2  3  4  5  6  7  8  9 10 11 12],3788,433,104,138.58,2002-04-20,08:48:33
800,146,140,[ 1  2  3  4  5  6  7  8  9 10],2558,94,191,32.42,2002-04-20,08:48:33
801,448,140,[1],961,92,113,38.89,2002-04-20,08:48:33
802,246,140,[ 1  2  3  4  5  6  7  8  9 10],858,114,114,12.03,2002-04-20,08:48:33
803,354,141,[1 2 3],1326,391,230,21.0,2021-08-06,12:41:22
804,456,141,[1 2],3165,297,181,127.56,2021-08-06,12:41:22
805,314,142,[1 2 3],551,496,3,15.33,2021-08-06,12:41:22
806,1,142,[1 2],703,311,188,17.19,2021-08-06,12:41:22
807,239,143,[1],1151,141,66,57.47,2002-02-13,19:57:19
808,277,143,[1 2 3 4 5 6 7 8],2844,308,122,30.13,2002-02-13,19:57:19
809,416,143,[ 1  2  3  4  5  6  7  8  9 10 11 12],723,421,180,37.78,2002-02-13,19:57:19
810,280,143,[1 2 3 4 5 6 7],1663,440,177,10.43,2002-02-13,19:57:19
811,245,144,[1],1566,97,102,17.1,2002-02-13,19:57:19
812,478,144,[1 2 3 4 5 6 7 8],1334,139,233,21.08,2002-02-13,19:57:19
813,422,144,[ 1  2  3  4  5  6  7  8  9 10 11 12],3342,430,233,39.19,2002-02-13,19:57:19
814,488,144,[1 2 3 4 5 6 7],2981,431,250,25.33,2002-02-13,19:57:19
815,13,145,[1],706,421,69,42.47,2002-02-13,19:57:19
816,22,145,[1 2 3 4 5 6 7 8],1383,260,244,11.07,2002-02-13,19:57:19
817,181,145,[ 1  2  3  4  5  6  7  8  9 10 11 12],1309,23,99,63.71,2002-02-13,19:57:19
818,50,145,[1 2 3 4 5 6 7],1015,267,147,97.94,2002-02-13,19:57:19
819,426,146,[1],2997,445,6,46.14,2002-02-13,19:57:19
820,337,146,[1 2 3 4 5 6 7 8],1462,257,151,35.91,2002-02-13,19:57:19
821,300,146,[ 1  2  3  4  5  6  7  8  9 10 11 12],3312,116,38,151.15,2002-02-13,19:57:19
822,475,146,[1 2 3 4 5 6 7],388,103,131,17.11,2002-02-13,19:57:19
823,476,147,[ 1  2  3  4  5  6  7  8  9 10 11],569,417,46,20.34,2020-12-27,22:32:10
824,187,147,[1],662,196,22,14.59,2020-12-27,22:32:10
825,201,147,[1 2 3 4 5 6 7 8 9],2781,156,37,8.53,2020-12-27,22:32:10
826,38,147,[1 2 3 4 5 6 7 8 9],2798,255,41,11.88,2020-12-27,22:32:10
827,367,147,[1],3755,139,81,11.1,2020-12-27,22:32:10
828,488,147,[1 2],2423,179,107,11.06,2020-12-27,22:32:10
829,245,148,[ 1  2  3  4  5  6  7  8  9 10 11],752,42,163,220.91,2020-12-27,22:32:10
830,250,148,[1],376,199,127,17.01,2020-12-27,22:32:10
831,268,148,[1 2 3 4 5 6 7 8 9],2803,192,85,310.68,2020-12-27,22:32:10
832,499,148,[1 2 3 4 5 6 7 8 9],2713,50,182,17.55,2020-12-27,22:32:10
833,94,148,[1],277,17,55,39.19,2020-12-27,22:32:10
834,50,148,[1 2],559,37,76,14.47,2020-12-27,22:32:10
835,124,149,[ 1  2  3  4  5  6  7  8  9 10 11],2646,120,176,12.61,2020-12-27,22:32:10
836,155,149,[1],3472,29,111,6.33,2020-12-27,22:32:10
837,465,149,[1 2 3 4 5 6 7 8 9],1729,112,14,20.8,2020-12-27,22:32:10
838,406,149,[1 2 3 4 5 6 7 8 9],755,119,181,18.93,2020-12-27,22:32:10
839,35,149,[1],2482,74,187,9.76,2020-12-27,22:32:10
840,175,149,[1 2],3620,165,186,7.65,2020-12-27,22:32:10
841,396,150,[ 1  2  3  4  5  6  7  8  9 10 11],109,192,67,7.78,2020-12-27,22:32:10
842,350,150,[1],452,192,197,12.86,2020-12-27,22:32:10
843,252,150,[1 2 3 4 5 6 7 8 9],2176,353,128,228.08,2020-12-27,22:32:10
844,145,150,[1 2 3 4 5 6 7 8 9],2395,429,215,508.93,2020-12-27,22:32:10
845,170,150,[1],1297,213,67,533.78,2020-12-27,22:32:10
846,128,150,[1 2],228,88,239,2016.71,2020-12-27,22:32:10
847,234,151,[ 1  2  3  4  5  6  7  8  9 10 11],370,116,118,29.34,2020-12-27,22:32:10
848,315,151,[1],2301,261,198,14.31,2020-12-27,22:32:10
849,121,151,[1 2 3 4 5 6 7 8 9],2285,172,131,235.89,2020-12-27,22:32:10
850,88,151,[1 2 3 4 5 6 7 8 9],244,297,170,42.95,2020-12-27,22:32:10
851,434,151,[1],1705,136,88,24.76,2020-12-27,22:32:10
852,393,151,[1 2],1151,308,12,55.45,2020-12-27,22:32:10
853,204,152,[ 1  2  3  4  5  6  7  8  9 10 11],178,430,190,16.52,2020-12-27,22:32:10
854,43,152,[1],1398,209,231,143.91,2020-12-27,22:32:10
855,179,152,[1 2 3 4 5 6 7 8 9],3285,213,178,195.37,2020-12-27,22:32:10
856,76,152,[1 2 3 4 5 6 7 8 9],2074,395,27,9.33,2020-12-27,22:32:10
857,495,152,[1],3573,201,28,18.84,2020-12-27,22:32:10
858,75,152,[1 2],2565,434,131,88.39,2020-12-27,22:32:10
859,490,153,[ 1  2  3  4  5  6  7  8  9 10 11],1623,209,64,8.75,2009-11-18,13:33:19
860,186,153,[ 1  2  3  4  5  6  7  8  9 10 11],457,173,116,8.82,2009-11-18,13:33:19
861,371,154,[ 1  2  3  4  5  6  7  8  9 10 11],1253,100,237,14.96,2009-11-18,13:33:19
862,488,154,[ 1  2  3  4  5  6  7  8  9 10 11],1267,277,54,29.8,2009-11-18,13:33:19
863,200,155,[ 1  2  3  4  5  6  7  8  9 10],43,385,199,2220.65,2013-06-27,15:54:52
864,465,155,[ 1  2  3  4  5  6  7  8  9 10 11],3390,487,160,204.17,2013-06-27,15:54:52
865,447,155,[ 1  2  3  4  5  6  7  8  9 10 11],1049,105,48,2008.08,2013-06-27,15:54:52
866,455,155,[1 2 3 4 5 6],2730,101,54,41.36,2013-06-27,15:54:52
867,315,155,[1 2 3 4 5 6 7 8],51,450,236,15.43,2013-06-27,15:54:52
868,120,155,[ 1  2  3  4  5  6  7  8  9 10],3803,256,143,184.44,2013-06-27,15:54:52
869,54,156,[ 1  2  3  4  5  6  7  8  9 10],1879,172,21,8.61,2013-06-27,15:54:52
870,311,156,[ 1  2  3  4  5  6  7  8  9 10 11],2416,20,248,607.25,2013-06-27,15:54:52
871,41,156,[ 1  2  3  4  5  6  7  8  9 10 11],1757,27,98,31.06,2013-06-27,15:54:52
872,58,156,[1 2 3 4 5 6],675,259,75,1198.4,2013-06-27,15:54:52
873,410,156,[1 2 3 4 5 6 7 8],265,109,208,103.36,2013-06-27,15:54:52
874,378,156,[ 1  2  3  4  5  6  7  8  9 10],537,242,176,18.5,2013-06-27,15:54:52
875,320,157,[ 1  2  3  4  5  6  7  8  9 10],1834,229,115,15.02,2013-06-27,15:54:52
876,385,157,[ 1  2  3  4  5  6  7  8  9 10 11],826,397,236,82.26,2013-06-27,15:54:52
877,399,157,[ 1  2  3  4  5  6  7  8  9 10 11],3684,183,225,22.63,2013-06-27,15:54:52
878,209,157,[1 2 3 4 5 6],2753,131,27,27.67,2013-06-27,15:54:52
879,398,157,[1 2 3 4 5 6 7 8],1927,137,110,139.45,2013-06-27,15:54:52
880,314,157,[ 1  2  3  4  5  6  7  8  9 10],2965,487,181,17.81,2013-06-27,15:54:52
881,378,158,[ 1  2  3  4  5  6  7  8  9 10],44,350,190,24.82,2013-06-27,15:54:52
882,478,158,[ 1  2  3  4  5  6  7  8  9 10 11],3596,37,225,13.93,2013-06-27,15:54:52
883,266,158,[ 1  2  3  4  5  6  7  8  9 10 11],1833,478,195,33.48,2013-06-27,15:54:52
884,200,158,[1 2 3 4 5 6],3066,452,10,44.96,2013-06-27,15:54:52
885,193,158,[1 2 3 4 5 6 7 8],2932,384,61,317.2,2013-06-27,15:54:52
886,35,158,[ 1  2  3  4  5  6  7  8  9 10],198,488,93,22.57,2013-06-27,15:54:52
887,131,159,[ 1  2  3  4  5  6  7  8  9 10],403,214,67,9.55,2013-06-27,15:54:52
888,152,159,[ 1  2  3  4  5  6  7  8  9 10 11],2386,359,239,79.95,2013-06-27,15:54:52
889,489,159,[ 1  2  3  4  5  6  7  8  9 10 11],3029,178,11,11.26,2013-06-27,15:54:52
890,365,159,[1 2 3 4 5 6],2373,251,90,778.4,2013-06-27,15:54:52
891,61,159,[1 2 3 4 5 6 7 8],1644,27,172,10.14,2013-06-27,15:54:52
892,443,159,[ 1  2  3  4  5  6  7  8  9 10],229,324,109,1988.39,2013-06-27,15:54:52
893,394,160,[ 1  2  3  4  5  6  7  8  9 10],740,341,213,73.15,2013-06-27,15:54:52
894,330,160,[ 1  2  3  4  5  6  7  8  9 10 11],3007,36,116,14.16,2013-06-27,15:54:52
895,340,160,[ 1  2  3  4  5  6  7  8  9 10 11],2056,338,79,13.17,2013-06-27,15:54:52
896,478,160,[1 2 3 4 5 6],1871,436,217,46.35,2013-06-27,15:54:52
897,497,160,[1 2 3 4 5 6 7 8],2423,228,19,13.79,2013-06-27,15:54:52
898,232,160,[ 1  2  3  4  5  6  7  8  9 10],2254,345,215,1243.17,2013-06-27,15:54:52
899,356,161,[ 1  2  3  4  5  6  7  8  9 10 11],1434,340,90,9.48,2001-11-12,05:13:43
900,122,161,[1 2],3332,314,46,43.74,2001-11-12,05:13:43
901,444,161,[ 1  2  3  4  5  6  7  8  9 10 11 12],858,202,48,15.29,2001-11-12,05:13:43
902,426,161,[1 2],3523,48,27,8.16,2001-11-12,05:13:43
903,171,161,[1 2 3],2314,442,137,155.03,2001-11-12,05:13:43
904,473,161,[1 2 3 4 5 6],2328,365,160,99.41,2001-11-12,05:13:43
905,166,161,[1 2 3 4],786,331,164,6.63,2001-11-12,05:13:43
906,473,161,[ 1  2  3  4  5  6  7  8  9 10 11],18,251,85,15.26,2001-11-12,05:13:43
907,94,162,[ 1  2  3  4  5  6  7  8  9 10 11],3159,153,160,11.45,2001-11-12,05:13:43
908,317,162,[1 2],1106,173,15,46.93,2001-11-12,05:13:43
909,151,162,[ 1  2  3  4  5  6  7  8  9 10 11 12],2260,419,165,554.65,2001-11-12,05:13:43
910,399,162,[1 2],453,376,247,7.35,2001-11-12,05:13:43
911,455,162,[1 2 3],2833,437,170,19.79,2001-11-12,05:13:43
912,322,162,[1 2 3 4 5 6],1043,323,93,123.23,2001-11-12,05:13:43
913,115,162,[1 2 3 4],3530,215,22,21.58,2001-11-12,05:13:43
914,95,162,[ 1  2  3  4  5  6  7  8  9 10 11],1366,176,149,16.06,2001-11-12,05:13:43
915,48,163,[ 1  2  3  4  5  6  7  8  9 10 11],2711,306,157,26.81,2001-11-12,05:13:43
916,285,163,[1 2],1378,205,80,6.87,2001-11-12,05:13:43
917,104,163,[ 1  2  3  4  5  6  7  8  9 10 11 12],2944,300,229,10.02,2001-11-12,05:13:43
918,29,163,[1 2],1908,346,193,7.56,2001-11-12,05:13:43
919,283,163,[1 2 3],3646,114,235,18.21,2001-11-12,05:13:43
920,370,163,[1 2 3 4 5 6],1051,62,142,162.45,2001-11-12,05:13:43
921,139,163,[1 2 3 4],2760,178,18,546.43,2001-11-12,05:13:43
922,391,163,[ 1  2  3  4  5  6  7  8  9 10 11],2234,389,104,258.56,2001-11-12,05:13:43
923,106,164,[ 1  2  3  4  5  6  7  8  9 10 11],2427,386,89,16.61,2001-11-12,05:13:43
924,322,164,[1 2],2737,100,12,79.72,2001-11-12,05:13:43
925,344,164,[ 1  2  3  4  5  6  7  8  9 10 11 12],3428,136,111,156.82,2001-11-12,05:13:43
926,227,164,[1 2],1449,77,140,841.03,2001-11-12,05:13:43
927,56,164,[1 2 3],3246,405,12,64.13,2001-11-12,05:13:43
928,84,164,[1 2 3 4 5 6],1055,393,207,16.64,2001-11-12,05:13:43
929,130,164,[1 2 3 4],3144,355,176,118.68,2001-11-12,05:13:43
930,272,164,[ 1  2  3  4  5  6  7  8  9 10 11],1947,405,55,13.07,2001-11-12,05:13:43
931,472,165,[ 1  2  3  4  5  6  7  8  9 10 11],2113,484,179,125.96,2001-11-12,05:13:43
932,188,165,[1 2],3267,363,201,209.31,2001-11-12,05:13:43
933,254,165,[ 1  2  3  4  5  6  7  8  9 10 11 12],57,491,220,1031.61,2001-11-12,05:13:43
934,343,165,[1 2],3065,346,110,19.78,2001-11-12,05:13:43
935,259,165,[1 2 3],1383,207,220,12.52,2001-11-12,05:13:43
936,425,165,[1 2 3 4 5 6],189,242,158,15.61,2001-11-12,05:13:43
937,270,165,[1 2 3 4],1095,147,56,27.78,2001-11-12,05:13:43
938,358,165,[ 1  2  3  4  5  6  7  8  9 10 11],2530,325,211,17.39,2001-11-12,05:13:43
939,291,166,[ 1  2  3  4  5  6  7  8  9 10 11],2285,195,35,233.09,2001-11-12,05:13:43
940,334,166,[1 2],478,416,15,13.05,2001-11-12,05:13:43
941,225,166,[ 1  2  3  4  5  6  7  8  9 10 11 12],3373,468,52,24.38,2001-11-12,05:13:43
942,330,166,[1 2],1259,167,140,8.21,2001-11-12,05:13:43
943,55,166,[1 2 3],367,119,158,25.13,2001-11-12,05:13:43
944,13,166,[1 2 3 4 5 6],2722,260,219,514.04,2001-11-12,05:13:43
945,339,166,[1 2 3 4],2301,127,128,18.51,2001-11-12,05:13:43
946,121,166,[ 1  2  3  4  5  6  7  8  9 10 11],824,32,82,48.32,2001-11-12,05:13:43
947,310,167,[ 1  2  3  4  5  6  7  8  9 10 11],575,230,172,7.31,2001-11-12,05:13:43
948,185,167,[1 2],3515,177,138,41.37,2001-11-12,05:13:43
949,81,167,[ 1  2  3  4  5  6  7  8  9 10 11 12],2063,287,226,15.88,2001-11-12,05:13:43
950,31,167,[1 2],3046,233,211,160.15,2001-11-12,05:13:43
951,429,167,[1 2 3],98,158,80,13.99,2001-11-12,05:13:43
952,61,167,[1 2 3 4 5 6],2788,47,93,14.75,2001-11-12,05:13:43
953,153,167,[1 2 3 4],2754,353,152,22.68,2001-11-12,05:13:43
954,290,167,[ 1  2  3  4  5  6  7  8  9 10 11],1523,101,87,20.78,2001-11-12,05:13:43
955,380,168,[ 1  2  3  4  5  6  7  8  9 10 11],974,167,91,10.37,2001-11-12,05:13:43
956,219,168,[1 2],1462,109,128,35.16,2001-11-12,05:13:43
957,474,168,[ 1  2  3  4  5  6  7  8  9 10 11 12],1875,47,187,67.94,2001-11-12,05:13:43
958,417,168,[1 2],20,209,146,9.38,2001-11-12,05:13:43
959,63,168,[1 2 3],2492,403,2,19.72,2001-11-12,05:13:43
960,166,168,[1 2 3 4 5 6],3246,463,244,56.61,2001-11-12,05:13:43
961,452,168,[1 2 3 4],796,411,228,46.82,2001-11-12,05:13:43
962,369,168,[ 1  2  3  4  5  6  7  8  9 10 11],2232,84,96,1353.88,2001-11-12,05:13:43
963,479,169,[1],1852,240,80,26.38,2014-08-26,07:34:56
964,55,169,[1 2 3 4],1709,4,117,13.51,2014-08-26,07:34:56
965,463,169,[1 2 3 4 5 6 7 8 9],2043,316,21,47.01,2014-08-26,07:34:56
966,149,169,[1 2 3 4],3304,332,242,29.33,2014-08-26,07:34:56
967,68,170,[1],2154,427,109,32.56,2014-08-26,07:34:56
968,238,170,[1 2 3 4],71,280,15,15.38,2014-08-26,07:34:56
969,206,170,[1 2 3 4 5 6 7 8 9],3482,310,204,9.82,2014-08-26,07:34:56
970,407,170,[1 2 3 4],596,109,12,152.94,2014-08-26,07:34:56
971,6,171,[1],3783,434,181,45.25,2014-08-26,07:34:56
972,396,171,[1 2 3 4],3396,124,118,53.13,2014-08-26,07:34:56
973,91,171,[1 2 3 4 5 6 7 8 9],1996,281,185,16.56,2014-08-26,07:34:56
974,387,171,[1 2 3 4],3540,361,7,456.98,2014-08-26,07:34:56
975,75,172,[1],407,339,215,15.39,2014-08-26,07:34:56
976,438,172,[1 2 3 4],1525,494,21,18.04,2014-08-26,07:34:56
977,482,172,[1 2 3 4 5 6 7 8 9],802,40,209,9.38,2014-08-26,07:34:56
978,259,172,[1 2 3 4],1883,6,64,8.1,2014-08-26,07:34:56
979,203,173,[ 1  2  3  4  5  6  7  8  9 10],2662,63,128,44.33,2001-04-03,01:43:58
980,252,173,[ 1  2  3  4  5  6  7  8  9 10 11],2547,377,189,19.03,2001-04-03,01:43:58
981,136,173,[1 2 3 4],954,180,156,73.57,2001-04-03,01:43:58
982,343,173,[ 1  2  3  4  5  6  7  8  9 10 11 12],1312,168,128,98.25,2001-04-03,01:43:58
983,333,173,[ 1  2  3  4  5  6  7  8  9 10 11],3687,299,61,18.98,2001-04-03,01:43:58
984,98,173,[1 2 3 4 5 6 7 8],661,224,218,77.86,2001-04-03,01:43:58
985,385,173,[1 2 3 4 5],3018,351,84,16.13,2001-04-03,01:43:58
986,69,174,[ 1  2  3  4  5  6  7  8  9 10],3152,300,135,26.17,2001-04-03,01:43:58
987,480,174,[ 1  2  3  4  5  6  7  8  9 10 11],1069,283,8,36.85,2001-04-03,01:43:58
988,7,174,[1 2 3 4],781,255,140,33.52,2001-04-03,01:43:58
989,17,174,[ 1  2  3  4  5  6  7  8  9 10 11 12],3005,244,236,13.7,2001-04-03,01:43:58
990,332,174,[ 1  2  3  4  5  6  7  8  9 10 11],3192,387,86,39.89,2001-04-03,01:43:58
991,148,174,[1 2 3 4 5 6 7 8],882,375,190,45.12,2001-04-03,01:43:58
992,198,174,[1 2 3 4 5],2049,259,12,8.06,2001-04-03,01:43:58
993,399,175,[ 1  2  3  4  5  6  7  8  9 10],3733,458,84,306.05,2001-04-03,01:43:58
994,262,175,[ 1  2  3  4  5  6  7  8  9 10 11],718,245,108,38.66,2001-04-03,01:43:58
995,489,175,[1 2 3 4],490,182,101,22.96,2001-04-03,01:43:58
996,234,175,[ 1  2  3  4  5  6  7  8  9 10 11 12],108,206,40,8.04,2001-04-03,01:43:58
997,152,175,[ 1  2  3  4  5  6  7  8  9 10 11],3431,217,109,115.02,2001-04-03,01:43:58
998,165,175,[1 2 3 4 5 6 7 8],1979,207,80,21.63,2001-04-03,01:43:58
999,407,175,[1 2 3 4 5],1888,55,5,7.84,2001-04-03,01:43:58
1000,323,176,[ 1  2  3  4  5  6  7  8  9 10],245,382,209,7.19,2001-04-03,01:43:58
1001,111,176,[ 1  2  3  4  5  6  7  8  9 10 11],274,107,69,47.4,2001-04-03,01:43:58
1002,124,176,[1 2 3 4],2113,484,240,125.96,2001-04-03,01:43:58
1003,50,176,[ 1  2  3  4  5  6  7  8  9 10 11 12],2877,377,140,53.45,2001-04-03,01:43:58
1004,362,176,[ 1  2  3  4  5  6  7  8  9 10 11],3781,430,221,14.91,2001-04-03,01:43:58
1005,129,176,[1 2 3 4 5 6 7 8],3738,324,60,28.52,2001-04-03,01:43:58
1006,21,176,[1 2 3 4 5],1384,429,93,147.07,2001-04-03,01:43:58
1007,311,177,[ 1  2  3  4  5  6  7  8  9 10],2645,146,126,18.81,2001-04-03,01:43:58
1008,207,177,[ 1  2  3  4  5  6  7  8  9 10 11],1219,228,78,784.92,2001-04-03,01:43:58
1009,223,177,[1 2 3 4],2214,400,191,140.9,2001-04-03,01:43:58
1010,435,177,[ 1  2  3  4  5  6  7  8  9 10 11 12],1931,480,175,9.38,2001-04-03,01:43:58
1011,208,177,[ 1  2  3  4  5  6  7  8  9 10 11],3564,495,246,14.27,2001-04-03,01:43:58
1012,441,177,[1 2 3 4 5 6 7 8],3216,141,8,88.48,2001-04-03,01:43:58
1013,426,177,[1 2 3 4 5],1025,125,154,111.1,2001-04-03,01:43:58
1014,91,178,[ 1  2  3  4  5  6  7  8  9 10],845,51,248,21.43,2001-04-03,01:43:58
1015,439,178,[ 1  2  3  4  5  6  7  8  9 10 11],1357,172,192,41.29,2001-04-03,01:43:58
1016,345,178,[1 2 3 4],2880,277,102,33.06,2001-04-03,01:43:58
1017,232,178,[ 1  2  3  4  5  6  7  8  9 10 11 12],3246,405,96,64.13,2001-04-03,01:43:58
1018,425,178,[ 1  2  3  4  5  6  7  8  9 10 11],1776,490,126,14.64,2001-04-03,01:43:58
1019,272,178,[1 2 3 4 5 6 7 8],294,195,119,1080.33,2001-04-03,01:43:58
1020,447,178,[1 2 3 4 5],3134,285,164,28.55,2001-04-03,01:43:58
1021,10,179,[ 1  2  3  4  5  6  7  8  9 10],2260,10,164,606.51,2001-04-03,01:43:58
1022,70,179,[ 1  2  3  4  5  6  7  8  9 10 11],3520,372,60,203.22,2001-04-03,01:43:58
1023,209,179,[1 2 3 4],1933,220,115,37.09,2001-04-03,01:43:58
1024,174,179,[ 1  2  3  4  5  6  7  8  9 10 11 12],986,14,116,10.03,2001-04-03,01:43:58
1025,144,179,[ 1  2  3  4  5  6  7  8  9 10 11],363,43,236,24.11,2001-04-03,01:43:58
1026,240,179,[1 2 3 4 5 6 7 8],2707,107,19,30.39,2001-04-03,01:43:58
1027,163,179,[1 2 3 4 5],2314,348,180,152.42,2001-04-03,01:43:58
1028,76,180,[1 2 3 4 5 6 7],115,34,10,7.41,2021-11-01,14:23:32
1029,296,180,[1 2],3594,113,181,18.71,2021-11-01,14:23:32
1030,182,181,[1 2 3 4 5 6 7],3176,90,133,72.91,2021-11-01,14:23:32
1031,466,181,[1 2],2607,43,159,573.15,2021-11-01,14:23:32
1032,206,182,[1 2 3 4],2448,379,225,94.26,2002-11-09,02:06:02
1033,498,182,[ 1  2  3  4  5  6  7  8  9 10 11],967,87,248,25.09,2002-11-09,02:06:02
1034,137,182,[ 1  2  3  4  5  6  7  8  9 10],1109,182,71,16.27,2002-11-09,02:06:02
1035,84,182,[ 1  2  3  4  5  6  7  8  9 10 11 12],176,77,139,16.66,2002-11-09,02:06:02
1036,136,183,[1 2 3 4],2476,175,21,25.32,2002-11-09,02:06:02
1037,103,183,[ 1  2  3  4  5  6  7  8  9 10 11],2658,7,190,27.17,2002-11-09,02:06:02
1038,186,183,[ 1  2  3  4  5  6  7  8  9 10],3446,290,245,5.2,2002-11-09,02:06:02
1039,385,183,[ 1  2  3  4  5  6  7  8  9 10 11 12],1450,441,181,172.21,2002-11-09,02:06:02
1040,268,184,[1 2 3 4],621,151,50,29.96,2002-11-09,02:06:02
1041,86,184,[ 1  2  3  4  5  6  7  8  9 10 11],1012,70,207,8.13,2002-11-09,02:06:02
1042,40,184,[ 1  2  3  4  5  6  7  8  9 10],3806,240,73,44.88,2002-11-09,02:06:02
1043,287,184,[ 1  2  3  4  5  6  7  8  9 10 11 12],3519,22,226,175.77,2002-11-09,02:06:02
1044,498,185,[1 2 3 4],2636,85,176,19.8,2002-11-09,02:06:02
1045,428,185,[ 1  2  3  4  5  6  7  8  9 10 11],3484,407,32,47.78,2002-11-09,02:06:02
1046,54,185,[ 1  2  3  4  5  6  7  8  9 10],2076,355,139,41.64,2002-11-09,02:06:02
1047,377,185,[ 1  2  3  4  5  6  7  8  9 10 11 12],2280,236,232,229.64,2002-11-09,02:06:02
1048,234,186,[ 1  2  3  4  5  6  7  8  9 10 11],2788,382,35,11.82,2003-12-03,01:05:13
1049,318,186,[ 1  2  3  4  5  6  7  8  9 10 11 12],1040,213,209,40.34,2003-12-03,01:05:13
1050,208,186,[1],831,387,23,41.86,2003-12-03,01:05:13
1051,379,186,[ 1  2  3  4  5  6  7  8  9 10 11],2387,216,240,597.2,2003-12-03,01:05:13
1052,374,186,[1 2 3],2546,115,26,24.5,2003-12-03,01:05:13
1053,347,186,[1 2 3 4 5 6 7],801,379,85,55.19,2003-12-03,01:05:13
1054,89,187,[ 1  2  3  4  5  6  7  8  9 10 11],2282,193,239,690.83,2003-12-03,01:05:13
1055,373,187,[ 1  2  3  4  5  6  7  8  9 10 11 12],544,234,207,42.55,2003-12-03,01:05:13
1056,325,187,[1],697,414,146,9.05,2003-12-03,01:05:13
1057,203,187,[ 1  2  3  4  5  6  7  8  9 10 11],1233,205,240,46.75,2003-12-03,01:05:13
1058,73,187,[1 2 3],1052,328,220,12.19,2003-12-03,01:05:13
1059,52,187,[1 2 3 4 5 6 7],3352,248,108,15.53,2003-12-03,01:05:13
1060,104,188,[ 1  2  3  4  5  6  7  8  9 10 11],2657,81,246,29.32,2003-12-03,01:05:13
1061,15,188,[ 1  2  3  4  5  6  7  8  9 10 11 12],2277,208,153,498.96,2003-12-03,01:05:13
1062,385,188,[1],2997,437,198,52.26,2003-12-03,01:05:13
1063,159,188,[ 1  2  3  4  5  6  7  8  9 10 11],3438,183,91,1004.55,2003-12-03,01:05:13
1064,487,188,[1 2 3],2150,458,51,410.79,2003-12-03,01:05:13
1065,382,188,[1 2 3 4 5 6 7],98,20,211,11.84,2003-12-03,01:05:13
1066,352,189,[ 1  2  3  4  5  6  7  8  9 10 11],1792,220,41,7.87,2003-12-03,01:05:13
1067,109,189,[ 1  2  3  4  5  6  7  8  9 10 11 12],1046,94,216,6.15,2003-12-03,01:05:13
1068,419,189,[1],2882,110,159,70.65,2003-12-03,01:05:13
1069,468,189,[ 1  2  3  4  5  6  7  8  9 10 11],2814,233,4,18.65,2003-12-03,01:05:13
1070,405,189,[1 2 3],2072,104,9,140.34,2003-12-03,01:05:13
1071,138,189,[1 2 3 4 5 6 7],3454,36,20,229.86,2003-12-03,01:05:13
1072,125,190,[ 1  2  3  4  5  6  7  8  9 10 11],501,110,233,46.06,2003-12-03,01:05:13
1073,254,190,[ 1  2  3  4  5  6  7  8  9 10 11 12],2826,196,1,9.96,2003-12-03,01:05:13
1074,162,190,[1],3332,371,116,44.86,2003-12-03,01:05:13
1075,149,190,[ 1  2  3  4  5  6  7  8  9 10 11],621,151,109,29.96,2003-12-03,01:05:13
1076,63,190,[1 2 3],3547,332,110,136.29,2003-12-03,01:05:13
1077,65,190,[1 2 3 4 5 6 7],3234,181,27,43.33,2003-12-03,01:05:13
1078,12,191,[ 1  2  3  4  5  6  7  8  9 10 11],67,277,162,15.68,2003-12-03,01:05:13
1079,346,191,[ 1  2  3  4  5  6  7  8  9 10 11 12],545,395,237,11.83,2003-12-03,01:05:13
1080,405,191,[1],1904,478,169,14.34,2003-12-03,01:05:13
1081,217,191,[ 1  2  3  4  5  6  7  8  9 10 11],1877,164,175,16.97,2003-12-03,01:05:13
1082,68,191,[1 2 3],2415,212,94,874.6,2003-12-03,01:05:13
1083,229,191,[1 2 3 4 5 6 7],374,265,48,12.85,2003-12-03,01:05:13
1084,354,192,[1 2 3],2707,51,76,33.39,2012-12-01,18:07:08
1085,216,192,[1 2 3 4 5 6 7 8],2008,222,95,36.61,2012-12-01,18:07:08
1086,20,193,[1 2 3],2659,57,100,21.8,2012-12-01,18:07:08
1087,422,193,[1 2 3 4 5 6 7 8],2006,325,142,32.99,2012-12-01,18:07:08
1088,141,194,[1],1807,425,48,10.43,2000-03-01,11:11:28
1089,346,194,[1 2 3 4 5 6 7],933,356,198,6.69,2000-03-01,11:11:28
1090,414,194,[1 2 3 4 5],2897,80,91,44.14,2000-03-01,11:11:28
1091,12,194,[ 1  2  3  4  5  6  7  8  9 10 11 12],1684,139,106,107.19,2000-03-01,11:11:28
1092,390,194,[1 2 3 4 5 6 7 8],2132,172,194,963.08,2000-03-01,11:11:28
1093,433,194,[ 1  2  3  4  5  6  7  8  9 10 11],2166,37,54,329.15,2000-03-01,11:11:28
1094,10,195,[1],1109,272,95,14.44,2000-03-01,11:11:28
1095,171,195,[1 2 3 4 5 6 7],1387,41,15,41.11,2000-03-01,11:11:28
1096,130,195,[1 2 3 4 5],169,207,57,183.69,2000-03-01,11:11:28
1097,423,195,[ 1  2  3  4  5  6  7  8  9 10 11 12],2246,290,5,549.89,2000-03-01,11:11:28
1098,75,195,[1 2 3 4 5 6 7 8],2015,357,62,45.74,2000-03-01,11:11:28
1099,393,195,[ 1  2  3  4  5  6  7  8  9 10 11],340,70,190,17.93,2000-03-01,11:11:28
1100,342,196,[1],795,319,249,1280.2,2000-03-01,11:11:28
1101,436,196,[1 2 3 4 5 6 7],704,118,177,40.29,2000-03-01,11:11:28
1102,121,196,[1 2 3 4 5],3427,173,3,134.12,2000-03-01,11:11:28
1103,412,196,[ 1  2  3  4  5  6  7  8  9 10 11 12],2256,412,242,282.68,2000-03-01,11:11:28
1104,246,196,[1 2 3 4 5 6 7 8],3019,207,56,18.17,2000-03-01,11:11:28
1105,43,196,[ 1  2  3  4  5  6  7  8  9 10 11],999,265,149,11.98,2000-03-01,11:11:28
1106,380,197,[1],1872,407,224,13.49,2000-03-01,11:11:28
1107,428,197,[1 2 3 4 5 6 7],1500,416,28,6.17,2000-03-01,11:11:28
1108,462,197,[1 2 3 4 5],3304,183,167,27.91,2000-03-01,11:11:28
1109,470,197,[ 1  2  3  4  5  6  7  8  9 10 11 12],1565,438,132,6.69,2000-03-01,11:11:28
1110,67,197,[1 2 3 4 5 6 7 8],1819,50,187,16.9,2000-03-01,11:11:28
1111,179,197,[ 1  2  3  4  5  6  7  8  9 10 11],3137,400,47,25.16,2000-03-01,11:11:28
1112,237,198,[1],1233,239,111,43.72,2000-03-01,11:11:28
1113,348,198,[1 2 3 4 5 6 7],2074,294,80,10.61,2000-03-01,11:11:28
1114,360,198,[1 2 3 4 5],3181,346,11,19.72,2000-03-01,11:11:28
1115,274,198,[ 1  2  3  4  5  6  7  8  9 10 11 12],1686,421,80,13.56,2000-03-01,11:11:28
1116,295,198,[1 2 3 4 5 6 7 8],213,290,157,15.84,2000-03-01,11:11:28
1117,113,198,[ 1  2  3  4  5  6  7  8  9 10 11],547,207,118,25.97,2000-03-01,11:11:28
1118,306,199,[1],1636,219,127,12.47,2000-03-01,11:11:28
1119,241,199,[1 2 3 4 5 6 7],3233,257,179,43.18,2000-03-01,11:11:28
1120,148,199,[1 2 3 4 5],1483,99,123,64.36,2000-03-01,11:11:28
1121,263,199,[ 1  2  3  4  5  6  7  8  9 10 11 12],2030,393,156,31.17,2000-03-01,11:11:28
1122,300,199,[1 2 3 4 5 6 7 8],1496,318,224,10.25,2000-03-01,11:11:28
1123,400,199,[ 1  2  3  4  5  6  7  8  9 10 11],2255,251,85,228.44,2000-03-01,11:11:28
1124,337,200,[1 2 3 4 5 6 7 8],2427,345,187,16.19,2000-08-17,16:33:18
1125,135,200,[1 2 3],3312,479,95,158.75,2000-08-17,16:33:18
1126,199,200,[ 1  2  3  4  5  6  7  8  9 10 11 12],3461,301,37,175.78,2000-08-17,16:33:18
1127,142,201,[1 2 3 4 5 6 7 8],3256,382,108,18.2,2000-08-17,16:33:18
1128,361,201,[1 2 3],954,180,121,73.57,2000-08-17,16:33:18
1129,259,201,[ 1  2  3  4  5  6  7  8  9 10 11 12],2923,33,154,15.4,2000-08-17,16:33:18
1130,459,202,[1 2 3 4 5 6 7 8],3261,222,133,28.45,2000-08-17,16:33:18
1131,447,202,[1 2 3],861,371,179,13.05,2000-08-17,16:33:18
1132,78,202,[ 1  2  3  4  5  6  7  8  9 10 11 12],1414,245,34,53.28,2000-08-17,16:33:18
1133,328,203,[1 2 3 4 5 6 7],204,181,147,36.47,2010-11-16,06:18:22
1134,338,204,[1 2 3 4 5 6 7 8],992,499,33,13.54,2022-03-17,06:20:27
1135,203,204,[1 2],98,20,142,11.84,2022-03-17,06:20:27
1136,109,204,[1 2 3 4 5 6 7 8],3066,203,198,50.03,2022-03-17,06:20:27
1137,368,204,[1],2829,260,242,410.45,2022-03-17,06:20:27
1138,372,205,[1 2 3 4 5 6 7 8],266,346,165,19.99,2022-03-17,06:20:27
1139,16,205,[1 2],1853,311,236,12.99,2022-03-17,06:20:27
1140,144,205,[1 2 3 4 5 6 7 8],2594,482,190,139.06,2022-03-17,06:20:27
1141,387,205,[1],1338,109,202,20.74,2022-03-17,06:20:27
1142,298,206,[1 2 3 4 5 6 7 8],2684,347,96,36.64,2022-03-17,06:20:27
1143,58,206,[1 2],3199,315,215,22.11,2022-03-17,06:20:27
1144,207,206,[1 2 3 4 5 6 7 8],1918,159,81,12.03,2022-03-17,06:20:27
1145,300,206,[1],2665,262,135,367.37,2022-03-17,06:20:27
1146,367,207,[1 2 3 4 5 6 7 8],3476,10,14,19.98,2022-03-17,06:20:27
1147,80,207,[1 2],3192,296,179,35.93,2022-03-17,06:20:27
1148,471,207,[1 2 3 4 5 6 7 8],2824,291,97,24.34,2022-03-17,06:20:27
1149,360,207,[1],2380,298,199,707.79,2022-03-17,06:20:27
1150,429,208,[1 2 3],750,208,42,23.7,2009-02-19,11:25:51
1151,301,208,[1 2 3 4 5 6 7],1460,370,28,26.28,2009-02-19,11:25:51
1152,373,208,[1 2 3 4 5],2795,431,227,20.02,2009-02-19,11:25:51
1153,498,208,[1 2 3 4 5 6 7 8],1073,429,40,28.86,2009-02-19,11:25:51
1154,225,209,[1 2 3],3348,314,177,11.19,2009-02-19,11:25:51
1155,410,209,[1 2 3 4 5 6 7],1806,53,87,9.42,2009-02-19,11:25:51
1156,127,209,[1 2 3 4 5],2976,364,110,91.24,2009-02-19,11:25:51
1157,396,209,[1 2 3 4 5 6 7 8],68,35,212,6.01,2009-02-19,11:25:51
1158,134,210,[1 2 3],3539,22,120,8.32,2009-02-19,11:25:51
1159,308,210,[1 2 3 4 5 6 7],1084,336,186,12.14,2009-02-19,11:25:51
1160,168,210,[1 2 3 4 5],1304,485,175,10.16,2009-02-19,11:25:51
1161,272,210,[1 2 3 4 5 6 7 8],2447,476,229,468.81,2009-02-19,11:25:51
1162,175,211,[1 2 3],3209,9,90,27.53,2009-02-19,11:25:51
1163,18,211,[1 2 3 4 5 6 7],1504,242,83,14.56,2009-02-19,11:25:51
1164,399,211,[1 2 3 4 5],2155,89,215,94.96,2009-02-19,11:25:51
1165,128,211,[1 2 3 4 5 6 7 8],3354,127,164,46.88,2009-02-19,11:25:51
1166,69,212,[ 1  2  3  4  5  6  7  8  9 10],3102,138,193,38.95,2007-03-17,19:47:44
1167,15,212,[1 2 3 4 5 6 7],1935,135,231,11.84,2007-03-17,19:47:44
1168,263,212,[1 2 3 4],711,91,37,10.35,2007-03-17,19:47:44
1169,453,212,[1 2 3 4 5],444,97,100,27.18,2007-03-17,19:47:44
1170,485,212,[1 2 3 4 5 6 7 8],3013,442,130,83.2,2007-03-17,19:47:44
1171,326,212,[1 2 3 4 5 6 7 8 9],743,434,212,17.35,2007-03-17,19:47:44
1172,472,212,[1 2 3 4 5 6 7 8],3427,337,69,126.35,2007-03-17,19:47:44
1173,142,213,[ 1  2  3  4  5  6  7  8  9 10],245,110,1,8.87,2007-03-17,19:47:44
1174,189,213,[1 2 3 4 5 6 7],2182,99,31,253.93,2007-03-17,19:47:44
1175,77,213,[1 2 3 4],1444,265,145,17.5,2007-03-17,19:47:44
1176,296,213,[1 2 3 4 5],3047,479,96,58.72,2007-03-17,19:47:44
1177,386,213,[1 2 3 4 5 6 7 8],69,499,140,11.59,2007-03-17,19:47:44
1178,209,213,[1 2 3 4 5 6 7 8 9],880,160,242,1076.08,2007-03-17,19:47:44
1179,262,213,[1 2 3 4 5 6 7 8],249,123,160,11.75,2007-03-17,19:47:44
1180,202,214,[ 1  2  3  4  5  6  7  8  9 10],15,77,135,35.61,2007-03-17,19:47:44
1181,140,214,[1 2 3 4 5 6 7],1148,269,179,31.31,2007-03-17,19:47:44
1182,124,214,[1 2 3 4],521,89,12,40.81,2007-03-17,19:47:44
1183,415,214,[1 2 3 4 5],3032,13,165,32.01,2007-03-17,19:47:44
1184,99,214,[1 2 3 4 5 6 7 8],1192,299,141,6.88,2007-03-17,19:47:44
1185,454,214,[1 2 3 4 5 6 7 8 9],795,153,34,1480.53,2007-03-17,19:47:44
1186,250,214,[1 2 3 4 5 6 7 8],3722,281,117,66.6,2007-03-17,19:47:44
1187,403,215,[ 1  2  3  4  5  6  7  8  9 10],87,140,168,2051.96,2007-03-17,19:47:44
1188,311,215,[1 2 3 4 5 6 7],1027,288,40,43.79,2007-03-17,19:47:44
1189,146,215,[1 2 3 4],1823,28,114,60.11,2007-03-17,19:47:44
1190,231,215,[1 2 3 4 5],3251,94,165,10.61,2007-03-17,19:47:44
1191,85,215,[1 2 3 4 5 6 7 8],1025,327,142,125.81,2007-03-17,19:47:44
1192,253,215,[1 2 3 4 5 6 7 8 9],713,45,213,44.87,2007-03-17,19:47:44
1193,258,215,[1 2 3 4 5 6 7 8],1397,477,42,86.66,2007-03-17,19:47:44
1194,51,216,[ 1  2  3  4  5  6  7  8  9 10],994,334,48,19.37,2007-03-17,19:47:44
1195,335,216,[1 2 3 4 5 6 7],1973,34,7,9.51,2007-03-17,19:47:44
1196,70,216,[1 2 3 4],2728,23,149,200.11,2007-03-17,19:47:44
1197,254,216,[1 2 3 4 5],940,452,184,6.72,2007-03-17,19:47:44
1198,92,216,[1 2 3 4 5 6 7 8],901,0,39,3250.94,2007-03-17,19:47:44
1199,119,216,[1 2 3 4 5 6 7 8 9],2035,141,69,45.84,2007-03-17,19:47:44
1200,111,216,[1 2 3 4 5 6 7 8],1264,338,209,89.98,2007-03-17,19:47:44
1201,363,217,[ 1  2  3  4  5  6  7  8  9 10],394,432,28,7.39,2007-03-17,19:47:44
1202,66,217,[1 2 3 4 5 6 7],1544,22,164,17.57,2007-03-17,19:47:44
1203,287,217,[1 2 3 4],2925,332,140,25.05,2007-03-17,19:47:44
1204,336,217,[1 2 3 4 5],433,396,138,210.1,2007-03-17,19:47:44
1205,242,217,[1 2 3 4 5 6 7 8],898,408,105,13.57,2007-03-17,19:47:44
1206,95,217,[1 2 3 4 5 6 7 8 9],2984,156,188,35.63,2007-03-17,19:47:44
1207,441,217,[1 2 3 4 5 6 7 8],1777,177,45,12.21,2007-03-17,19:47:44
1208,170,218,[ 1  2  3  4  5  6  7  8  9 10],38,98,238,36.8,2007-03-17,19:47:44
1209,318,218,[1 2 3 4 5 6 7],3784,157,106,26.47,2007-03-17,19:47:44
1210,282,218,[1 2 3 4],229,215,246,1880.96,2007-03-17,19:47:44
1211,321,218,[1 2 3 4 5],2289,263,225,649.54,2007-03-17,19:47:44
1212,9,218,[1 2 3 4 5 6 7 8],164,3,78,13.96,2007-03-17,19:47:44
1213,340,218,[1 2 3 4 5 6 7 8 9],911,262,41,1665.75,2007-03-17,19:47:44
1214,42,218,[1 2 3 4 5 6 7 8],3167,319,72,16.19,2007-03-17,19:47:44
1215,57,219,[ 1  2  3  4  5  6  7  8  9 10 11 12],3427,242,130,140.8,2015-03-09,01:45:19
1216,62,219,[1 2 3 4 5],3789,116,169,45.01,2015-03-09,01:45:19
1217,167,219,[1 2 3 4],2145,117,125,1090.17,2015-03-09,01:45:19
1218,460,219,[1 2 3 4 5 6 7],1198,457,98,4224.99,2015-03-09,01:45:19
1219,407,220,[ 1  2  3  4  5  6  7  8  9 10 11 12],2193,466,23,868.07,2015-03-09,01:45:19
1220,176,220,[1 2 3 4 5],5,73,223,42.27,2015-03-09,01:45:19
1221,127,220,[1 2 3 4],2706,329,59,20.88,2015-03-09,01:45:19
1222,154,220,[1 2 3 4 5 6 7],821,137,129,50.97,2015-03-09,01:45:19
1223,191,221,[ 1  2  3  4  5  6  7  8  9 10 11 12],1555,67,242,8.18,2015-03-09,01:45:19
1224,257,221,[1 2 3 4 5],433,106,9,185.03,2015-03-09,01:45:19
1225,70,221,[1 2 3 4],3308,394,212,15.24,2015-03-09,01:45:19
1226,77,221,[1 2 3 4 5 6 7],56,250,26,2336.9,2015-03-09,01:45:19
1227,276,222,[ 1  2  3  4  5  6  7  8  9 10 11 12],3778,135,193,15.18,2015-03-09,01:45:19
1228,46,222,[1 2 3 4 5],654,313,250,14.05,2015-03-09,01:45:19
1229,490,222,[1 2 3 4],2882,129,68,74.32,2015-03-09,01:45:19
1230,82,222,[1 2 3 4 5 6 7],1967,66,118,8.44,2015-03-09,01:45:19
1231,367,223,[1 2 3 4],3433,209,177,9.39,2015-10-17,08:46:02
1232,334,223,[1 2 3 4 5 6],2539,176,95,39.26,2015-10-17,08:46:02
1233,384,223,[ 1  2  3  4  5  6  7  8  9 10 11 12],2472,262,42,19.3,2015-10-17,08:46:02
1234,145,223,[1],2915,172,207,11.25,2015-10-17,08:46:02
1235,23,223,[1 2 3 4 5],879,401,243,54.94,2015-10-17,08:46:02
1236,86,223,[1 2],1577,48,91,10.87,2015-10-17,08:46:02
1237,392,224,[1 2 3 4],3015,267,92,27.49,2015-10-17,08:46:02
1238,238,224,[1 2 3 4 5 6],3497,343,206,15.39,2015-10-17,08:46:02
1239,37,224,[ 1  2  3  4  5  6  7  8  9 10 11 12],36,390,137,22.69,2015-10-17,08:46:02
1240,215,224,[1],3778,265,97,19.78,2015-10-17,08:46:02
1241,2,224,[1 2 3 4 5],2696,499,188,127.28,2015-10-17,08:46:02
1242,81,224,[1 2],1224,155,42,1461.53,2015-10-17,08:46:02
1243,46,225,[1 2 3 4],369,193,212,22.49,2015-10-17,08:46:02
1244,125,225,[1 2 3 4 5 6],1857,340,181,14.72,2015-10-17,08:46:02
1245,284,225,[ 1  2  3  4  5  6  7  8  9 10 11 12],3652,256,206,738.38,2015-10-17,08:46:02
1246,43,225,[1],2807,331,152,42.19,2015-10-17,08:46:02
1247,345,225,[1 2 3 4 5],2776,384,66,20.27,2015-10-17,08:46:02
1248,308,225,[1 2],2606,342,61,14.51,2015-10-17,08:46:02
1249,60,226,[1 2 3 4],2882,110,117,70.65,2015-10-17,08:46:02
1250,300,226,[1 2 3 4 5 6],168,476,78,8.74,2015-10-17,08:46:02
1251,438,226,[ 1  2  3  4  5  6  7  8  9 10 11 12],712,129,246,42.79,2015-10-17,08:46:02
1252,486,226,[1],3188,270,181,19.13,2015-10-17,08:46:02
1253,353,226,[1 2 3 4 5],1067,305,183,82.02,2015-10-17,08:46:02
1254,236,226,[1 2],2027,487,190,29.18,2015-10-17,08:46:02
1255,297,227,[1 2 3 4],1800,209,121,115.9,2015-10-17,08:46:02
1256,168,227,[1 2 3 4 5 6],666,37,213,20.25,2015-10-17,08:46:02
1257,258,227,[ 1  2  3  4  5  6  7  8  9 10 11 12],539,7,176,59.52,2015-10-17,08:46:02
1258,261,227,[1],955,492,219,1539.92,2015-10-17,08:46:02
1259,79,227,[1 2 3 4 5],1814,108,159,14.17,2015-10-17,08:46:02
1260,95,227,[1 2],2051,52,28,7.28,2015-10-17,08:46:02
1261,405,228,[1 2 3 4],1754,392,162,17.64,2015-10-17,08:46:02
1262,344,228,[1 2 3 4 5 6],2919,35,191,54.63,2015-10-17,08:46:02
1263,280,228,[ 1  2  3  4  5  6  7  8  9 10 11 12],2074,167,119,8.83,2015-10-17,08:46:02
1264,291,228,[1],707,249,45,18.51,2015-10-17,08:46:02
1265,230,228,[1 2 3 4 5],2709,35,80,92.9,2015-10-17,08:46:02
1266,476,228,[1 2],3159,210,12,9.34,2015-10-17,08:46:02
1267,346,229,[ 1  2  3  4  5  6  7  8  9 10 11 12],98,54,78,13.42,2012-06-06,18:00:15
1268,304,229,[1 2 3 4 5],1758,119,167,199.4,2012-06-06,18:00:15
1269,342,229,[1],1984,215,238,10.27,2012-06-06,18:00:15
1270,90,229,[1 2 3 4 5 6],1748,72,177,5.01,2012-06-06,18:00:15
1271,238,229,[1 2 3 4 5 6],2992,281,224,385.33,2012-06-06,18:00:15
1272,80,230,[ 1  2  3  4  5  6  7  8  9 10 11 12],1487,248,181,56.1,2012-06-06,18:00:15
1273,341,230,[1 2 3 4 5],2758,97,121,18.78,2012-06-06,18:00:15
1274,37,230,[1],3421,415,242,10.87,2012-06-06,18:00:15
1275,235,230,[1 2 3 4 5 6],18,208,241,13.26,2012-06-06,18:00:15
1276,154,230,[1 2 3 4 5 6],251,234,105,53.03,2012-06-06,18:00:15
1277,441,231,[ 1  2  3  4  5  6  7  8  9 10 11 12],2399,371,228,877.04,2012-06-06,18:00:15
1278,73,231,[1 2 3 4 5],614,14,72,33.48,2012-06-06,18:00:15
1279,80,231,[1],2078,236,1,53.85,2012-06-06,18:00:15
1280,296,231,[1 2 3 4 5 6],2124,193,199,824.4,2012-06-06,18:00:15
1281,397,231,[1 2 3 4 5 6],157,298,6,6.16,2012-06-06,18:00:15
1282,16,232,[ 1  2  3  4  5  6  7  8  9 10 11 12],1184,134,113,8.89,2012-06-06,18:00:15
1283,494,232,[1 2 3 4 5],2639,370,81,16.55,2012-06-06,18:00:15
1284,439,232,[1],2906,290,94,20.8,2012-06-06,18:00:15
1285,36,232,[1 2 3 4 5 6],1571,313,87,39.55,2012-06-06,18:00:15
1286,221,232,[1 2 3 4 5 6],2314,348,195,152.42,2012-06-06,18:00:15
1287,469,233,[ 1  2  3  4  5  6  7  8  9 10 11 12],2870,458,127,26.28,2012-06-06,18:00:15
1288,300,233,[1 2 3 4 5],911,187,20,1696.38,2012-06-06,18:00:15
1289,126,233,[1],2851,391,223,227.03,2012-06-06,18:00:15
1290,140,233,[1 2 3 4 5 6],2884,266,8,17.36,2012-06-06,18:00:15
1291,457,233,[1 2 3 4 5 6],2550,443,187,52.07,2012-06-06,18:00:15
1292,323,234,[ 1  2  3  4  5  6  7  8  9 10 11 12],1759,17,133,19.68,2014-02-17,17:20:44
1293,336,235,[ 1  2  3  4  5  6  7  8  9 10 11 12],2082,212,244,29.53,2006-03-23,00:37:32
1294,65,236,[ 1  2  3  4  5  6  7  8  9 10 11 12],202,281,92,8.26,2016-12-23,00:24:10
1295,383,236,[1 2 3 4 5 6 7],1047,164,97,15.07,2016-12-23,00:24:10
1296,329,236,[1 2 3 4 5 6],3791,236,51,50.53,2016-12-23,00:24:10
1297,51,236,[1 2],2831,75,84,14.88,2016-12-23,00:24:10
1298,147,237,[ 1  2  3  4  5  6  7  8  9 10 11 12],1444,174,75,17.66,2016-12-23,00:24:10
1299,166,237,[1 2 3 4 5 6 7],3544,232,2,203.54,2016-12-23,00:24:10
1300,70,237,[1 2 3 4 5 6],1137,364,3,39.8,2016-12-23,00:24:10
1301,290,237,[1 2],1979,131,25,17.47,2016-12-23,00:24:10
1302,262,238,[ 1  2  3  4  5  6  7  8  9 10 11 12],3597,372,136,19.2,2016-12-23,00:24:10
1303,440,238,[1 2 3 4 5 6 7],198,425,154,24.63,2016-12-23,00:24:10
1304,187,238,[1 2 3 4 5 6],948,369,226,98.89,2016-12-23,00:24:10
1305,453,238,[1 2],2605,232,118,272.1,2016-12-23,00:24:10
1306,464,239,[ 1  2  3  4  5  6  7  8  9 10 11 12],1950,19,162,97.88,2016-12-23,00:24:10
1307,430,239,[1 2 3 4 5 6 7],3742,196,161,26.83,2016-12-23,00:24:10
1308,414,239,[1 2 3 4 5 6],1545,243,67,46.91,2016-12-23,00:24:10
1309,358,239,[1 2],1700,499,65,52.55,2016-12-23,00:24:10
1310,115,240,[1 2 3 4 5 6 7],897,366,250,40.8,2022-05-10,17:21:20
1311,160,240,[1 2 3 4 5 6],760,140,38,20.62,2022-05-10,17:21:20
1312,495,241,[1 2 3 4 5 6 7],2813,111,150,18.92,2022-05-10,17:21:20
1313,267,241,[1 2 3 4 5 6],50,400,72,905.67,2022-05-10,17:21:20
1314,83,242,[1 2 3 4 5 6 7 8 9],2949,450,1,14.89,2017-03-14,22:28:07
1315,295,242,[ 1  2  3  4  5  6  7  8  9 10 11 12],242,421,41,10.05,2017-03-14,22:28:07
1316,48,243,[1 2 3 4 5 6 7 8 9],924,314,42,155.65,2017-03-14,22:28:07
1317,216,243,[ 1  2  3  4  5  6  7  8  9 10 11 12],2460,219,215,40.16,2017-03-14,22:28:07
1318,225,244,[1 2 3 4 5 6 7],2148,27,83,601.43,2012-03-01,15:29:13
1319,138,244,[1 2 3 4 5 6 7 8 9],3791,155,110,50.63,2012-03-01,15:29:13
1320,42,244,[ 1  2  3  4  5  6  7  8  9 10 11 12],3489,282,213,24.14,2012-03-01,15:29:13
1321,497,244,[1 2],1488,410,150,9.49,2012-03-01,15:29:13
1322,483,244,[ 1  2  3  4  5  6  7  8  9 10],2435,296,27,35.55,2012-03-01,15:29:13
1323,64,244,[1 2 3 4 5],1686,134,185,15.33,2012-03-01,15:29:13
1324,0,244,[1 2 3 4],2948,82,185,32.07,2012-03-01,15:29:13
1325,327,245,[1 2 3 4 5 6 7],1038,261,131,54.19,2012-03-01,15:29:13
1326,266,245,[1 2 3 4 5 6 7 8 9],1180,343,135,49.17,2012-03-01,15:29:13
1327,382,245,[ 1  2  3  4  5  6  7  8  9 10 11 12],1898,418,10,8.55,2012-03-01,15:29:13
1328,400,245,[1 2],1675,63,229,8.64,2012-03-01,15:29:13
1329,47,245,[ 1  2  3  4  5  6  7  8  9 10],2991,244,164,12.12,2012-03-01,15:29:13
1330,367,245,[1 2 3 4 5],2121,462,32,252.21,2012-03-01,15:29:13
1331,128,245,[1 2 3 4],3613,43,184,44.74,2012-03-01,15:29:13
1332,473,246,[1 2 3 4 5 6 7],875,131,242,1971.71,2012-03-01,15:29:13
1333,338,246,[1 2 3 4 5 6 7 8 9],561,160,17,6.25,2012-03-01,15:29:13
1334,287,246,[ 1  2  3  4  5  6  7  8  9 10 11 12],817,227,151,27.21,2012-03-01,15:29:13
1335,253,246,[1 2],1799,28,57,16.25,2012-03-01,15:29:13
1336,402,246,[ 1  2  3  4  5  6  7  8  9 10],213,399,75,14.29,2012-03-01,15:29:13
1337,114,246,[1 2 3 4 5],2597,351,191,15.95,2012-03-01,15:29:13
1338,405,246,[1 2 3 4],3579,254,178,11.78,2012-03-01,15:29:13
1339,27,247,[1 2 3 4 5 6 7],1339,284,121,50.45,2012-03-01,15:29:13
1340,367,247,[1 2 3 4 5 6 7 8 9],2605,27,146,253.74,2012-03-01,15:29:13
1341,451,247,[ 1  2  3  4  5  6  7  8  9 10 11 12],2317,270,3,439.67,2012-03-01,15:29:13
1342,198,247,[1 2],3485,463,80,25.08,2012-03-01,15:29:13
1343,275,247,[ 1  2  3  4  5  6  7  8  9 10],2710,229,74,52.72,2012-03-01,15:29:13
1344,146,247,[1 2 3 4 5],3289,458,137,24.95,2012-03-01,15:29:13
1345,54,247,[1 2 3 4],145,57,186,5.16,2012-03-01,15:29:13
1346,306,248,[1 2 3 4 5 6 7],151,135,221,19.43,2012-03-01,15:29:13
1347,464,248,[1 2 3 4 5 6 7 8 9],2941,354,80,51.49,2012-03-01,15:29:13
1348,300,248,[ 1  2  3  4  5  6  7  8  9 10 11 12],1624,365,121,12.47,2012-03-01,15:29:13
1349,372,248,[1 2],3338,93,209,9.69,2012-03-01,15:29:13
1350,231,248,[ 1  2  3  4  5  6  7  8  9 10],2883,342,67,41.41,2012-03-01,15:29:13
1351,306,248,[1 2 3 4 5],2324,299,43,376.99,2012-03-01,15:29:13
1352,340,248,[1 2 3 4],2984,52,104,38.62,2012-03-01,15:29:13
1353,435,249,[1 2 3 4 5 6 7],304,39,136,248.68,2012-03-01,15:29:13
1354,436,249,[1 2 3 4 5 6 7 8 9],1658,411,78,10.29,2012-03-01,15:29:13
1355,325,249,[ 1  2  3  4  5  6  7  8  9 10 11 12],2506,88,42,18.76,2012-03-01,15:29:13
1356,247,249,[1 2],2046,232,248,10.48,2012-03-01,15:29:13
1357,335,249,[ 1  2  3  4  5  6  7  8  9 10],1051,62,137,162.45,2012-03-01,15:29:13
1358,462,249,[1 2 3 4 5],2078,445,195,53.83,2012-03-01,15:29:13
1359,30,249,[1 2 3 4],3475,402,132,21.04,2012-03-01,15:29:13
1360,388,250,[1 2 3 4 5 6 7],3430,233,33,19.55,2012-03-01,15:29:13
1361,44,250,[1 2 3 4 5 6 7 8 9],831,215,186,39.83,2012-03-01,15:29:13
1362,158,250,[ 1  2  3  4  5  6  7  8  9 10 11 12],1038,499,29,51.68,2012-03-01,15:29:13
1363,217,250,[1 2],66,331,21,22.71,2012-03-01,15:29:13
1364,214,250,[ 1  2  3  4  5  6  7  8  9 10],668,106,211,175.26,2012-03-01,15:29:13
1365,165,250,[1 2 3 4 5],2957,15,84,81.37,2012-03-01,15:29:13
1366,188,250,[1 2 3 4],3147,17,216,38.14,2012-03-01,15:29:13
1367,296,251,[1 2 3 4 5 6 7 8],1208,79,2,12.87,2001-09-07,16:29:50
1368,334,252,[ 1  2  3  4  5  6  7  8  9 10 11 12],375,207,63,10.79,2009-10-09,05:32:28
1369,417,252,[1 2 3],2889,158,220,72.09,2009-10-09,05:32:28
1370,468,253,[ 1  2  3  4  5  6  7  8  9 10 11 12],338,103,26,12.81,2009-10-09,05:32:28
1371,320,253,[1 2 3],2078,236,48,53.85,2009-10-09,05:32:28
1372,80,254,[1 2],495,215,105,38.44,2001-06-07,16:27:00
1373,170,254,[ 1  2  3  4  5  6  7  8  9 10 11 12],1462,265,106,29.76,2001-06-07,16:27:00
1374,254,254,[1 2 3 4],940,408,72,8.43,2001-06-07,16:27:00
1375,476,255,[1 2],1592,103,27,21.85,2001-06-07,16:27:00
1376,467,255,[ 1  2  3  4  5  6  7  8  9 10 11 12],1997,431,97,13.78,2001-06-07,16:27:00
1377,61,255,[1 2 3 4],2477,325,52,144.13,2001-06-07,16:27:00
1378,254,256,[1 2],332,315,166,11.93,2001-06-07,16:27:00
1379,457,256,[ 1  2  3  4  5  6  7  8  9 10 11 12],3130,396,166,5.33,2001-06-07,16:27:00
1380,5,256,[1 2 3 4],953,291,143,86.58,2001-06-07,16:27:00
1381,252,257,[1 2 3 4 5 6],817,359,66,22.04,2017-04-14,19:54:13
1382,399,257,[1 2 3 4 5 6 7 8],2949,68,166,13.11,2017-04-14,19:54:13
1383,20,257,[1 2 3],2505,172,108,8.21,2017-04-14,19:54:13
1384,168,257,[ 1  2  3  4  5  6  7  8  9 10 11],2730,136,166,39.5,2017-04-14,19:54:13
1385,273,257,[1 2],2078,178,100,57.16,2017-04-14,19:54:13
1386,102,257,[1 2 3 4 5],2744,119,61,212.65,2017-04-14,19:54:13
1387,178,258,[1 2 3 4 5 6],488,318,57,24.71,2017-04-14,19:54:13
1388,187,258,[1 2 3 4 5 6 7 8],2317,24,93,380.04,2017-04-14,19:54:13
1389,1,258,[1 2 3],741,304,82,10.4,2017-04-14,19:54:13
1390,446,258,[ 1  2  3  4  5  6  7  8  9 10 11],2620,19,48,25.46,2017-04-14,19:54:13
1391,437,258,[1 2],2726,334,147,6.4,2017-04-14,19:54:13
1392,447,258,[1 2 3 4 5],2180,354,65,284.93,2017-04-14,19:54:13
1393,440,259,[1 2 3 4 5 6],3272,185,150,8.62,2017-04-14,19:54:13
1394,112,259,[1 2 3 4 5 6 7 8],23,449,76,17.0,2017-04-14,19:54:13
1395,193,259,[1 2 3],2860,52,137,11.32,2017-04-14,19:54:13
1396,336,259,[ 1  2  3  4  5  6  7  8  9 10 11],1441,291,225,17.03,2017-04-14,19:54:13
1397,135,259,[1 2],1295,407,145,72.5,2017-04-14,19:54:13
1398,265,259,[1 2 3 4 5],1487,152,44,60.2,2017-04-14,19:54:13
1399,110,260,[1 2 3 4 5 6],1578,56,243,13.94,2017-04-14,19:54:13
1400,285,260,[1 2 3 4 5 6 7 8],2663,92,99,116.32,2017-04-14,19:54:13
1401,324,260,[1 2 3],209,133,30,40.81,2017-04-14,19:54:13
1402,422,260,[ 1  2  3  4  5  6  7  8  9 10 11],637,129,205,38.97,2017-04-14,19:54:13
1403,11,260,[1 2],1165,92,136,30.5,2017-04-14,19:54:13
1404,215,260,[1 2 3 4 5],2593,67,244,35.85,2017-04-14,19:54:13
1405,223,261,[1 2 3 4 5 6],2339,80,134,503.47,2017-04-14,19:54:13
1406,273,261,[1 2 3 4 5 6 7 8],495,300,62,40.94,2017-04-14,19:54:13
1407,299,261,[1 2 3],1657,2,194,15.84,2017-04-14,19:54:13
1408,485,261,[ 1  2  3  4  5  6  7  8  9 10 11],2959,128,186,136.44,2017-04-14,19:54:13
1409,287,261,[1 2],1345,73,158,9.82,2017-04-14,19:54:13
1410,471,261,[1 2 3 4 5],1577,48,166,10.87,2017-04-14,19:54:13
1411,301,262,[1 2 3 4 5 6],3500,452,45,31.43,2017-04-14,19:54:13
1412,309,262,[1 2 3 4 5 6 7 8],2793,282,172,5.08,2017-04-14,19:54:13
1413,144,262,[1 2 3],432,157,124,23.15,2017-04-14,19:54:13
1414,301,262,[ 1  2  3  4  5  6  7  8  9 10 11],24,471,16,8.24,2017-04-14,19:54:13
1415,396,262,[1 2],1230,72,116,9.52,2017-04-14,19:54:13
1416,429,262,[1 2 3 4 5],2924,310,78,58.77,2017-04-14,19:54:13
1417,264,263,[1 2 3 4 5],2461,491,4,9.92,2013-08-01,20:47:39
1418,320,263,[ 1  2  3  4  5  6  7  8  9 10],2841,39,168,19.93,2013-08-01,20:47:39
1419,416,264,[1 2 3 4 5],2262,380,207,206.57,2013-08-01,20:47:39
1420,242,264,[ 1  2  3  4  5  6  7  8  9 10],1931,38,195,7.35,2013-08-01,20:47:39
1421,63,265,[1 2 3 4 5 6],2286,376,169,109.31,2018-04-04,12:31:34
1422,367,266,[1 2 3 4 5 6 7 8],738,293,229,14.29,2008-11-13,06:25:19
1423,170,267,[1 2 3 4 5 6 7 8],1877,90,239,12.2,2002-12-11,17:52:36
1424,376,267,[ 1  2  3  4  5  6  7  8  9 10 11],2592,447,208,15.12,2002-12-11,17:52:36
1425,387,267,[1 2 3 4 5 6],2902,202,84,16.07,2002-12-11,17:52:36
1426,307,267,[1 2 3 4 5 6],1867,74,195,18.03,2002-12-11,17:52:36
1427,446,267,[1 2 3 4 5],1038,328,150,58.9,2002-12-11,17:52:36
1428,482,267,[1 2 3 4 5 6 7 8],365,171,98,20.23,2002-12-11,17:52:36
1429,468,268,[1 2 3 4 5 6 7 8],2272,132,130,412.51,2002-12-11,17:52:36
1430,15,268,[ 1  2  3  4  5  6  7  8  9 10 11],3514,414,197,66.2,2002-12-11,17:52:36
1431,484,268,[1 2 3 4 5 6],2477,318,201,138.92,2002-12-11,17:52:36
1432,228,268,[1 2 3 4 5 6],487,222,123,81.86,2002-12-11,17:52:36
1433,311,268,[1 2 3 4 5],934,240,170,8.44,2002-12-11,17:52:36
1434,197,268,[1 2 3 4 5 6 7 8],1124,223,225,37.41,2002-12-11,17:52:36
1435,294,269,[1 2 3 4 5 6 7 8],608,239,125,9.42,2002-12-11,17:52:36
1436,41,269,[ 1  2  3  4  5  6  7  8  9 10 11],3191,461,138,50.13,2002-12-11,17:52:36
1437,394,269,[1 2 3 4 5 6],929,413,154,28.24,2002-12-11,17:52:36
1438,460,269,[1 2 3 4 5 6],796,475,83,53.07,2002-12-11,17:52:36
1439,92,269,[1 2 3 4 5],1768,421,87,15.58,2002-12-11,17:52:36
1440,18,269,[1 2 3 4 5 6 7 8],1796,284,40,8.19,2002-12-11,17:52:36
1441,486,270,[1 2 3 4 5 6 7 8],2964,380,66,9.45,2002-12-11,17:52:36
1442,433,270,[ 1  2  3  4  5  6  7  8  9 10 11],3172,230,131,49.06,2002-12-11,17:52:36
1443,283,270,[1 2 3 4 5 6],2045,65,248,14.92,2002-12-11,17:52:36
1444,34,270,[1 2 3 4 5 6],2984,396,76,35.01,2002-12-11,17:52:36
1445,230,270,[1 2 3 4 5],347,125,228,22.86,2002-12-11,17:52:36
1446,85,270,[1 2 3 4 5 6 7 8],1225,56,142,36.31,2002-12-11,17:52:36
1447,28,271,[1 2 3 4 5 6 7 8],543,103,124,23.61,2002-12-11,17:52:36
1448,184,271,[ 1  2  3  4  5  6  7  8  9 10 11],2915,451,19,8.3,2002-12-11,17:52:36
1449,427,271,[1 2 3 4 5 6],2529,173,215,2.74,2002-12-11,17:52:36
1450,262,271,[1 2 3 4 5 6],1386,223,183,21.19,2002-12-11,17:52:36
1451,369,271,[1 2 3 4 5],1038,499,38,51.68,2002-12-11,17:52:36
1452,372,271,[1 2 3 4 5 6 7 8],3391,219,113,23.62,2002-12-11,17:52:36
1453,421,272,[1 2 3 4 5 6 7 8],424,444,113,14.46,2002-12-11,17:52:36
1454,151,272,[ 1  2  3  4  5  6  7  8  9 10 11],295,178,168,120.94,2002-12-11,17:52:36
