,Buyer_ID,Personal_Order_Number,Personal_Purchase_Number,Product_ID,Seller_ID,Quantity,Price,Fullfill_Date,Sell_Time
0,452,0,[1 2],2841,461,205,19.89,2017-03-11,23:45:03
1,457,0,[ 1  2  3  4  5  6  7  8  9 10 11 12],161,23,44,6.76,2017-03-11,23:45:03
2,145,0,[1 2 3 4 5 6],2257,429,24,196.57,2017-03-11,23:45:03
3,132,0,[1 2 3],319,141,6,13.92,2017-03-11,23:45:03
4,360,0,[1 2 3 4 5],1903,92,159,13.87,2017-03-11,23:45:03
5,14,1,[1 2],901,16,235,3532.81,2017-03-11,23:45:03
6,43,1,[ 1  2  3  4  5  6  7  8  9 10 11 12],1603,325,205,15.69,2017-03-11,23:45:03
7,320,1,[1 2 3 4 5 6],2947,230,55,28.9,2017-03-11,23:45:03
8,364,1,[1 2 3],3589,203,8,148.29,2017-03-11,23:45:03
9,30,1,[1 2 3 4 5],1276,442,125,17.52,2017-03-11,23:45:03
10,405,2,[1 2],3040,471,241,17.88,2017-03-11,23:45:03
11,395,2,[ 1  2  3  4  5  6  7  8  9 10 11 12],3393,53,92,103.76,2017-03-11,23:45:03
12,105,2,[1 2 3 4 5 6],3151,268,128,15.2,2017-03-11,23:45:03
13,436,2,[1 2 3],71,230,87,13.77,2017-03-11,23:45:03
14,208,2,[1 2 3 4 5],3683,489,46,204.37,2017-03-11,23:45:03
15,42,3,[1 2],2752,318,166,10.47,2017-03-11,23:45:03
16,359,3,[ 1  2  3  4  5  6  7  8  9 10 11 12],3040,437,22,18.37,2017-03-11,23:45:03
17,495,3,[1 2 3 4 5 6],1804,336,35,10.63,2017-03-11,23:45:03
18,330,3,[1 2 3],1675,15,21,6.77,2017-03-11,23:45:03
19,177,3,[1 2 3 4 5],2493,165,89,18.41,2017-03-11,23:45:03
20,111,4,[1 2],3606,324,238,28.38,2017-03-11,23:45:03
21,414,4,[ 1  2  3  4  5  6  7  8  9 10 11 12],349,486,236,2204.86,2017-03-11,23:45:03
22,189,4,[1 2 3 4 5 6],2754,78,218,26.97,2017-03-11,23:45:03
23,93,4,[1 2 3],3447,116,188,16.57,2017-03-11,23:45:03
24,186,4,[1 2 3 4 5],3620,488,86,6.07,2017-03-11,23:45:03
25,35,5,[1 2 3 4 5 6],31,490,25,60.12,2017-03-06,16:56:27
26,130,5,[1 2 3],2924,319,203,64.14,2017-03-06,16:56:27
27,113,5,[1 2 3 4],3048,240,15,48.88,2017-03-06,16:56:27
28,226,5,[1 2 3 4 5 6 7 8 9],3112,130,34,21.49,2017-03-06,16:56:27
29,361,5,[1 2 3 4 5 6 7],2484,391,99,344.09,2017-03-06,16:56:27
30,206,6,[1 2 3 4 5 6],1218,75,234,8.05,2017-03-06,16:56:27
31,285,6,[1 2 3],609,287,231,45.43,2017-03-06,16:56:27
32,261,6,[1 2 3 4],1005,346,96,9.67,2017-03-06,16:56:27
33,369,6,[1 2 3 4 5 6 7 8 9],2434,375,99,86.63,2017-03-06,16:56:27
34,447,6,[1 2 3 4 5 6 7],2224,439,222,1213.97,2017-03-06,16:56:27
35,21,7,[1 2 3 4 5 6],3213,113,145,97.94,2017-03-06,16:56:27
36,10,7,[1 2 3],333,227,190,20.79,2017-03-06,16:56:27
37,275,7,[1 2 3 4],1758,112,132,195.24,2017-03-06,16:56:27
38,22,7,[1 2 3 4 5 6 7 8 9],2907,344,125,9.93,2017-03-06,16:56:27
39,37,7,[1 2 3 4 5 6 7],3483,222,86,16.31,2017-03-06,16:56:27
40,157,8,[1 2 3 4 5 6],809,396,178,13.87,2017-03-06,16:56:27
41,172,8,[1 2 3],634,363,93,21.63,2017-03-06,16:56:27
42,461,8,[1 2 3 4],1833,231,19,33.28,2017-03-06,16:56:27
43,311,8,[1 2 3 4 5 6 7 8 9],3309,406,97,17.77,2017-03-06,16:56:27
44,358,8,[1 2 3 4 5 6 7],3744,277,146,32.76,2017-03-06,16:56:27
45,441,9,[1 2 3 4 5 6],1390,199,63,18.28,2017-03-06,16:56:27
46,254,9,[1 2 3],2607,436,44,561.99,2017-03-06,16:56:27
47,220,9,[1 2 3 4],1530,295,152,46.88,2017-03-06,16:56:27
48,466,9,[1 2 3 4 5 6 7 8 9],2550,249,142,45.78,2017-03-06,16:56:27
49,268,9,[1 2 3 4 5 6 7],3710,131,14,19.25,2017-03-06,16:56:27
50,394,10,[ 1  2  3  4  5  6  7  8  9 10 11 12],711,173,122,8.81,2019-05-20,12:40:48
51,272,10,[1 2 3],404,494,47,1056.49,2019-05-20,12:40:48
52,499,11,[ 1  2  3  4  5  6  7  8  9 10 11 12],564,48,244,293.0,2019-05-20,12:40:48
53,418,11,[1 2 3],3611,158,39,7.36,2019-05-20,12:40:48
54,457,12,[1 2 3 4 5 6],1875,59,119,64.82,2013-10-02,15:40:53
55,320,12,[ 1  2  3  4  5  6  7  8  9 10 11 12],2587,28,2,71.67,2013-10-02,15:40:53
56,402,12,[1 2],3083,454,175,188.44,2013-10-02,15:40:53
57,250,13,[1 2 3 4 5 6],3289,249,246,28.71,2013-10-02,15:40:53
58,79,13,[ 1  2  3  4  5  6  7  8  9 10 11 12],1328,323,117,19.17,2013-10-02,15:40:53
59,193,13,[1 2],2582,391,89,577.88,2013-10-02,15:40:53
60,267,14,[1 2 3 4 5 6],1432,143,67,15.89,2013-10-02,15:40:53
61,185,14,[ 1  2  3  4  5  6  7  8  9 10 11 12],1106,335,221,50.41,2013-10-02,15:40:53
62,192,14,[1 2],3602,370,119,18.88,2013-10-02,15:40:53
63,17,15,[ 1  2  3  4  5  6  7  8  9 10 11 12],1543,325,52,16.63,2013-11-01,07:57:28
64,375,15,[1 2 3 4 5],3425,286,34,555.76,2013-11-01,07:57:28
65,93,15,[ 1  2  3  4  5  6  7  8  9 10 11],527,383,114,24.01,2013-11-01,07:57:28
66,441,15,[1 2 3 4 5 6 7 8 9],2237,92,80,483.24,2013-11-01,07:57:28
67,412,15,[1 2 3 4 5 6],1715,292,186,42.88,2013-11-01,07:57:28
68,439,15,[1 2 3 4 5 6 7 8],3301,186,223,22.4,2013-11-01,07:57:28
69,175,15,[1 2 3 4 5 6 7 8 9],165,175,13,14.52,2013-11-01,07:57:28
70,202,16,[ 1  2  3  4  5  6  7  8  9 10 11 12],3253,68,229,21.18,2013-11-01,07:57:28
71,262,16,[1 2 3 4 5],40,150,132,16.09,2013-11-01,07:57:28
72,228,16,[ 1  2  3  4  5  6  7  8  9 10 11],2128,88,246,568.38,2013-11-01,07:57:28
73,221,16,[1 2 3 4 5 6 7 8 9],1765,253,203,8.48,2013-11-01,07:57:28
74,399,16,[1 2 3 4 5 6],3747,256,91,43.75,2013-11-01,07:57:28
75,81,16,[1 2 3 4 5 6 7 8],1732,387,28,13.96,2013-11-01,07:57:28
76,146,16,[1 2 3 4 5 6 7 8 9],2598,236,112,17.68,2013-11-01,07:57:28
77,250,17,[ 1  2  3  4  5  6  7  8  9 10 11 12],84,209,92,10.9,2013-11-01,07:57:28
78,2,17,[1 2 3 4 5],3296,298,75,246.32,2013-11-01,07:57:28
79,297,17,[ 1  2  3  4  5  6  7  8  9 10 11],234,435,109,19.53,2013-11-01,07:57:28
80,425,17,[1 2 3 4 5 6 7 8 9],1824,432,27,16.46,2013-11-01,07:57:28
81,437,17,[1 2 3 4 5 6],234,343,49,21.97,2013-11-01,07:57:28
82,209,17,[1 2 3 4 5 6 7 8],1836,436,22,11.4,2013-11-01,07:57:28
83,317,17,[1 2 3 4 5 6 7 8 9],2757,176,167,27.55,2013-11-01,07:57:28
84,148,18,[ 1  2  3  4  5  6  7  8  9 10 11 12],3526,395,199,20.52,2013-11-01,07:57:28
85,104,18,[1 2 3 4 5],2463,102,28,22.51,2013-11-01,07:57:28
86,402,18,[ 1  2  3  4  5  6  7  8  9 10 11],2431,99,1,62.13,2013-11-01,07:57:28
87,242,18,[1 2 3 4 5 6 7 8 9],575,280,75,7.12,2013-11-01,07:57:28
88,151,18,[1 2 3 4 5 6],1916,79,183,22.75,2013-11-01,07:57:28
89,24,18,[1 2 3 4 5 6 7 8],2325,243,15,176.63,2013-11-01,07:57:28
90,200,18,[1 2 3 4 5 6 7 8 9],1744,363,67,17.12,2013-11-01,07:57:28
91,400,19,[ 1  2  3  4  5  6  7  8  9 10 11 12],2638,489,84,15.57,2013-11-01,07:57:28
92,310,19,[1 2 3 4 5],1104,203,11,695.37,2013-11-01,07:57:28
93,223,19,[ 1  2  3  4  5  6  7  8  9 10 11],2841,467,131,17.08,2013-11-01,07:57:28
94,431,19,[1 2 3 4 5 6 7 8 9],520,308,37,1701.32,2013-11-01,07:57:28
95,193,19,[1 2 3 4 5 6],409,65,74,70.03,2013-11-01,07:57:28
96,223,19,[1 2 3 4 5 6 7 8],2635,331,2,21.53,2013-11-01,07:57:28
97,405,19,[1 2 3 4 5 6 7 8 9],1661,133,168,6.66,2013-11-01,07:57:28
98,485,20,[ 1  2  3  4  5  6  7  8  9 10 11 12],2881,303,209,47.23,2013-11-01,07:57:28
99,451,20,[1 2 3 4 5],2978,4,199,14.61,2013-11-01,07:57:28
100,166,20,[ 1  2  3  4  5  6  7  8  9 10 11],2736,15,2,22.75,2013-11-01,07:57:28
101,325,20,[1 2 3 4 5 6 7 8 9],774,234,1,67.68,2013-11-01,07:57:28
102,84,20,[1 2 3 4 5 6],1760,60,126,22.59,2013-11-01,07:57:28
103,71,20,[1 2 3 4 5 6 7 8],938,65,160,242.45,2013-11-01,07:57:28
104,280,20,[1 2 3 4 5 6 7 8 9],614,170,126,31.29,2013-11-01,07:57:28
105,395,21,[ 1  2  3  4  5  6  7  8  9 10 11 12],3628,245,64,50.26,2013-11-01,07:57:28
106,97,21,[1 2 3 4 5],230,121,122,1114.32,2013-11-01,07:57:28
107,189,21,[ 1  2  3  4  5  6  7  8  9 10 11],1810,276,46,464.3,2013-11-01,07:57:28
108,374,21,[1 2 3 4 5 6 7 8 9],3081,16,35,484.83,2013-11-01,07:57:28
109,115,21,[1 2 3 4 5 6],2319,309,114,26.41,2013-11-01,07:57:28
110,273,21,[1 2 3 4 5 6 7 8],375,359,189,10.51,2013-11-01,07:57:28
111,181,21,[1 2 3 4 5 6 7 8 9],1239,137,66,12.54,2013-11-01,07:57:28
112,144,22,[1 2 3 4 5 6 7],3413,221,70,41.49,2002-02-25,20:43:49
113,477,22,[1 2 3 4],966,483,249,42.4,2002-02-25,20:43:49
114,238,22,[1 2 3 4],1014,384,164,20.09,2002-02-25,20:43:49
115,470,22,[1 2 3 4 5 6 7 8],3198,400,91,48.95,2002-02-25,20:43:49
116,190,23,[1 2 3 4 5 6 7],845,33,127,16.99,2002-02-25,20:43:49
117,479,23,[1 2 3 4],2002,154,177,17.36,2002-02-25,20:43:49
118,268,23,[1 2 3 4],2521,184,106,24.34,2002-02-25,20:43:49
119,360,23,[1 2 3 4 5 6 7 8],2970,299,161,55.75,2002-02-25,20:43:49
120,166,24,[1 2 3 4 5 6 7],2672,142,202,4.0,2002-02-25,20:43:49
121,230,24,[1 2 3 4],2926,438,119,72.93,2002-02-25,20:43:49
122,412,24,[1 2 3 4],1831,54,80,7.04,2002-02-25,20:43:49
123,292,24,[1 2 3 4 5 6 7 8],1534,475,45,14.89,2002-02-25,20:43:49
124,35,25,[1 2 3 4 5 6 7],2928,203,244,72.19,2002-02-25,20:43:49
125,361,25,[1 2 3 4],3266,334,227,61.11,2002-02-25,20:43:49
126,62,25,[1 2 3 4],1186,181,68,1432.48,2002-02-25,20:43:49
127,84,25,[1 2 3 4 5 6 7 8],3738,485,136,33.7,2002-02-25,20:43:49
128,231,26,[1 2 3],3135,235,147,21.93,2016-04-14,13:13:30
129,204,26,[1 2 3],3586,25,59,19.62,2016-04-14,13:13:30
130,465,26,[1 2 3 4 5],1075,203,3,34.33,2016-04-14,13:13:30
131,465,27,[1 2 3],2918,2,12,201.57,2016-04-14,13:13:30
132,41,27,[1 2 3],2940,394,53,50.91,2016-04-14,13:13:30
133,481,27,[1 2 3 4 5],598,151,196,32.02,2016-04-14,13:13:30
134,254,28,[1 2 3],1044,381,5,76.76,2016-04-14,13:13:30
135,232,28,[1 2 3],2646,110,191,13.2,2016-04-14,13:13:30
136,213,28,[1 2 3 4 5],1195,27,216,13.15,2016-04-14,13:13:30
137,391,29,[ 1  2  3  4  5  6  7  8  9 10 11 12],1162,41,163,472.98,2012-06-18,10:48:30
138,210,29,[1 2 3 4 5 6],752,491,90,184.34,2012-06-18,10:48:30
139,47,30,[ 1  2  3  4  5  6  7  8  9 10 11 12],364,115,202,6.55,2012-06-18,10:48:30
140,399,30,[1 2 3 4 5 6],1189,287,133,27.28,2012-06-18,10:48:30
141,278,31,[1 2 3 4 5 6 7],1476,312,53,10.94,2003-07-10,00:25:25
142,326,31,[1 2 3 4 5 6],301,437,212,24.51,2003-07-10,00:25:25
143,108,31,[1 2 3 4 5 6],2373,415,188,832.27,2003-07-10,00:25:25
144,30,31,[1 2 3 4 5 6],2830,66,72,10.19,2003-07-10,00:25:25
145,57,31,[1 2 3 4 5 6 7],1632,248,181,16.85,2003-07-10,00:25:25
146,344,32,[1 2 3 4 5 6 7],1643,352,53,104.6,2003-07-10,00:25:25
147,497,32,[1 2 3 4 5 6],609,486,208,55.23,2003-07-10,00:25:25
148,223,32,[1 2 3 4 5 6],520,190,239,1674.09,2003-07-10,00:25:25
149,372,32,[1 2 3 4 5 6],3276,166,80,6.68,2003-07-10,00:25:25
150,49,32,[1 2 3 4 5 6 7],3133,236,165,19.07,2003-07-10,00:25:25
151,257,33,[1 2 3 4 5 6 7],194,78,188,54.81,2003-07-10,00:25:25
152,66,33,[1 2 3 4 5 6],3071,371,127,13.01,2003-07-10,00:25:25
153,1,33,[1 2 3 4 5 6],3293,303,103,48.81,2003-07-10,00:25:25
154,149,33,[1 2 3 4 5 6],634,431,113,20.76,2003-07-10,00:25:25
155,419,33,[1 2 3 4 5 6 7],3643,24,66,49.23,2003-07-10,00:25:25
156,282,34,[1 2 3 4 5 6 7],2076,56,17,46.76,2003-07-10,00:25:25
157,421,34,[1 2 3 4 5 6],3638,438,59,453.34,2003-07-10,00:25:25
158,124,34,[1 2 3 4 5 6],1089,56,52,24.16,2003-07-10,00:25:25
159,243,34,[1 2 3 4 5 6],44,149,103,24.17,2003-07-10,00:25:25
160,419,34,[1 2 3 4 5 6 7],39,27,71,16.43,2003-07-10,00:25:25
161,406,35,[1 2 3 4 5 6 7],2949,310,174,16.93,2003-07-10,00:25:25
162,195,35,[1 2 3 4 5 6],1311,118,146,17.36,2003-07-10,00:25:25
163,108,35,[1 2 3 4 5 6],2259,430,111,677.34,2003-07-10,00:25:25
164,234,35,[1 2 3 4 5 6],3719,475,187,15.66,2003-07-10,00:25:25
165,195,35,[1 2 3 4 5 6 7],1127,26,66,24.63,2003-07-10,00:25:25
166,262,36,[1 2 3 4 5 6 7],2601,325,179,8.46,2016-08-05,02:39:58
167,199,37,[1 2 3 4 5 6 7],1511,233,116,33.08,2020-07-26,03:38:06
168,189,37,[ 1  2  3  4  5  6  7  8  9 10 11],1564,216,246,7.31,2020-07-26,03:38:06
169,231,37,[1 2 3],700,418,154,18.19,2020-07-26,03:38:06
170,375,38,[1 2 3 4 5 6 7],1270,350,152,197.93,2020-07-26,03:38:06
171,217,38,[ 1  2  3  4  5  6  7  8  9 10 11],3611,232,52,7.93,2020-07-26,03:38:06
172,386,38,[1 2 3],2732,217,237,36.06,2020-07-26,03:38:06
173,99,39,[1 2 3 4 5 6 7],3492,253,41,9.08,2020-07-26,03:38:06
174,287,39,[ 1  2  3  4  5  6  7  8  9 10 11],1146,235,237,147.77,2020-07-26,03:38:06
175,143,39,[1 2 3],1842,237,108,991.94,2020-07-26,03:38:06
176,324,40,[1],187,289,250,19.56,2012-04-14,20:59:37
177,327,40,[1 2 3 4 5 6 7],2925,362,181,26.47,2012-04-14,20:59:37
178,214,40,[1 2 3],295,320,129,129.66,2012-04-14,20:59:37
179,328,40,[1 2 3 4],443,415,121,19.83,2012-04-14,20:59:37
180,437,40,[ 1  2  3  4  5  6  7  8  9 10],1244,140,152,22.21,2012-04-14,20:59:37
181,231,40,[ 1  2  3  4  5  6  7  8  9 10 11 12],2714,5,119,33.21,2012-04-14,20:59:37
182,481,41,[1],960,364,181,27.29,2012-04-14,20:59:37
183,116,41,[1 2 3 4 5 6 7],2443,370,24,69.46,2012-04-14,20:59:37
184,483,41,[1 2 3],1464,224,117,15.55,2012-04-14,20:59:37
185,81,41,[1 2 3 4],2142,191,224,704.04,2012-04-14,20:59:37
186,451,41,[ 1  2  3  4  5  6  7  8  9 10],2708,241,34,29.51,2012-04-14,20:59:37
187,377,41,[ 1  2  3  4  5  6  7  8  9 10 11 12],84,71,87,10.44,2012-04-14,20:59:37
188,193,42,[1],913,217,62,14.81,2012-04-14,20:59:37
189,113,42,[1 2 3 4 5 6 7],1250,302,163,28.4,2012-04-14,20:59:37
190,209,42,[1 2 3],1241,192,51,27.05,2012-04-14,20:59:37
191,147,42,[1 2 3 4],2628,429,228,35.75,2012-04-14,20:59:37
192,364,42,[ 1  2  3  4  5  6  7  8  9 10],458,362,139,12.73,2012-04-14,20:59:37
193,440,42,[ 1  2  3  4  5  6  7  8  9 10 11 12],31,55,118,57.2,2012-04-14,20:59:37
194,218,43,[1],1995,212,28,15.36,2012-04-14,20:59:37
195,298,43,[1 2 3 4 5 6 7],3127,119,188,172.29,2012-04-14,20:59:37
196,444,43,[1 2 3],1900,61,145,3.34,2012-04-14,20:59:37
197,39,43,[1 2 3 4],789,329,189,42.38,2012-04-14,20:59:37
198,496,43,[ 1  2  3  4  5  6  7  8  9 10],1491,87,182,18.19,2012-04-14,20:59:37
199,204,43,[ 1  2  3  4  5  6  7  8  9 10 11 12],2615,406,78,96.89,2012-04-14,20:59:37
200,107,44,[1],2583,389,98,16.17,2012-04-14,20:59:37
201,288,44,[1 2 3 4 5 6 7],653,200,249,1220.3,2012-04-14,20:59:37
202,350,44,[1 2 3],2676,91,209,62.34,2012-04-14,20:59:37
203,285,44,[1 2 3 4],1904,424,109,13.63,2012-04-14,20:59:37
204,35,44,[ 1  2  3  4  5  6  7  8  9 10],3336,393,71,47.68,2012-04-14,20:59:37
205,385,44,[ 1  2  3  4  5  6  7  8  9 10 11 12],841,414,220,405.54,2012-04-14,20:59:37
206,487,45,[1],2695,277,93,12.49,2012-04-14,20:59:37
207,350,45,[1 2 3 4 5 6 7],3586,25,125,19.62,2012-04-14,20:59:37
208,184,45,[1 2 3],3390,455,29,206.54,2012-04-14,20:59:37
209,147,45,[1 2 3 4],418,92,135,57.89,2012-04-14,20:59:37
210,369,45,[ 1  2  3  4  5  6  7  8  9 10],1958,458,92,100.66,2012-04-14,20:59:37
211,420,45,[ 1  2  3  4  5  6  7  8  9 10 11 12],822,301,126,73.83,2012-04-14,20:59:37
212,494,46,[1 2 3 4],2263,359,211,183.95,2022-02-14,10:53:42
213,112,46,[ 1  2  3  4  5  6  7  8  9 10 11],384,355,68,41.99,2022-02-14,10:53:42
214,126,46,[1 2],1180,115,7,45.12,2022-02-14,10:53:42
215,388,46,[1 2 3 4 5 6],1467,1,241,19.7,2022-02-14,10:53:42
216,207,46,[ 1  2  3  4  5  6  7  8  9 10],3538,8,58,23.23,2022-02-14,10:53:42
217,456,46,[1 2 3 4 5 6],1293,74,75,26.95,2022-02-14,10:53:42
218,444,47,[1 2 3 4],877,478,225,11.82,2022-02-14,10:53:42
219,452,47,[ 1  2  3  4  5  6  7  8  9 10 11],1199,138,59,898.46,2022-02-14,10:53:42
220,27,47,[1 2],1031,215,202,16.32,2022-02-14,10:53:42
221,254,47,[1 2 3 4 5 6],3062,218,59,9.35,2022-02-14,10:53:42
222,16,47,[ 1  2  3  4  5  6  7  8  9 10],2392,21,98,184.63,2022-02-14,10:53:42
223,71,47,[1 2 3 4 5 6],406,147,147,60.45,2022-02-14,10:53:42
224,182,48,[1 2 3 4],394,7,55,9.38,2022-02-14,10:53:42
225,378,48,[ 1  2  3  4  5  6  7  8  9 10 11],1227,499,191,63.0,2022-02-14,10:53:42
226,236,48,[1 2],726,462,170,52.75,2022-02-14,10:53:42
227,255,48,[1 2 3 4 5 6],201,404,98,1382.48,2022-02-14,10:53:42
228,322,48,[ 1  2  3  4  5  6  7  8  9 10],2871,421,106,12.69,2022-02-14,10:53:42
229,3,48,[1 2 3 4 5 6],1668,292,213,8.82,2022-02-14,10:53:42
230,359,49,[1 2 3 4],3653,326,170,21.81,2022-02-14,10:53:42
231,319,49,[ 1  2  3  4  5  6  7  8  9 10 11],1163,198,90,13.05,2022-02-14,10:53:42
232,31,49,[1 2],3034,314,243,8.69,2022-02-14,10:53:42
233,26,49,[1 2 3 4 5 6],834,464,207,33.44,2022-02-14,10:53:42
234,211,49,[ 1  2  3  4  5  6  7  8  9 10],986,59,25,7.93,2022-02-14,10:53:42
235,41,49,[1 2 3 4 5 6],3600,170,150,21.88,2022-02-14,10:53:42
236,143,50,[1 2 3 4],2142,267,92,776.17,2022-02-14,10:53:42
237,340,50,[ 1  2  3  4  5  6  7  8  9 10 11],1132,207,229,1453.81,2022-02-14,10:53:42
238,215,50,[1 2],588,371,53,283.7,2022-02-14,10:53:42
239,341,50,[1 2 3 4 5 6],3262,308,216,59.16,2022-02-14,10:53:42
240,494,50,[ 1  2  3  4  5  6  7  8  9 10],3317,73,26,27.0,2022-02-14,10:53:42
241,93,50,[1 2 3 4 5 6],2704,131,235,89.19,2022-02-14,10:53:42
242,108,51,[1 2 3 4],2903,363,57,40.61,2022-02-14,10:53:42
243,111,51,[ 1  2  3  4  5  6  7  8  9 10 11],1473,95,106,19.52,2022-02-14,10:53:42
244,227,51,[1 2],1389,452,83,13.83,2022-02-14,10:53:42
245,260,51,[1 2 3 4 5 6],2692,361,45,10.71,2022-02-14,10:53:42
246,22,51,[ 1  2  3  4  5  6  7  8  9 10],2182,364,234,250.81,2022-02-14,10:53:42
247,274,51,[1 2 3 4 5 6],3048,332,60,48.16,2022-02-14,10:53:42
248,438,52,[ 1  2  3  4  5  6  7  8  9 10],2001,367,38,15.67,2007-06-07,10:26:11
249,356,52,[1 2 3 4 5 6 7],686,28,25,49.39,2007-06-07,10:26:11
250,424,52,[1 2 3],96,30,164,1642.9,2007-06-07,10:26:11
251,219,52,[1 2 3 4 5 6],2811,171,228,20.44,2007-06-07,10:26:11
252,211,53,[ 1  2  3  4  5  6  7  8  9 10],3678,265,206,8.17,2007-06-07,10:26:11
253,229,53,[1 2 3 4 5 6 7],544,144,14,37.16,2007-06-07,10:26:11
254,474,53,[1 2 3],28,128,168,11.89,2007-06-07,10:26:11
255,369,53,[1 2 3 4 5 6],2075,427,205,22.49,2007-06-07,10:26:11
256,454,54,[ 1  2  3  4  5  6  7  8  9 10],2896,46,71,47.5,2007-06-07,10:26:11
257,277,54,[1 2 3 4 5 6 7],2575,283,33,15.35,2007-06-07,10:26:11
258,473,54,[1 2 3],2830,362,197,14.52,2007-06-07,10:26:11
259,203,54,[1 2 3 4 5 6],3286,52,92,14.52,2007-06-07,10:26:11
260,77,55,[ 1  2  3  4  5  6  7  8  9 10],3420,120,47,9.19,2007-06-07,10:26:11
261,323,55,[1 2 3 4 5 6 7],1550,38,125,14.43,2007-06-07,10:26:11
262,97,55,[1 2 3],555,86,201,81.91,2007-06-07,10:26:11
263,493,55,[1 2 3 4 5 6],2941,223,30,52.47,2007-06-07,10:26:11
264,91,56,[ 1  2  3  4  5  6  7  8  9 10],3076,384,55,120.14,2010-10-04,07:24:25
265,247,57,[ 1  2  3  4  5  6  7  8  9 10 11 12],413,265,108,37.91,2021-05-24,03:20:59
266,348,57,[1 2 3 4 5 6],666,334,124,23.22,2021-05-24,03:20:59
267,408,58,[ 1  2  3  4  5  6  7  8  9 10 11 12],3701,207,149,15.12,2021-05-24,03:20:59
268,17,58,[1 2 3 4 5 6],3590,19,16,16.38,2021-05-24,03:20:59
269,335,59,[1 2],3141,130,149,51.58,2002-12-17,12:05:03
270,12,59,[1 2 3 4 5],1549,398,221,10.45,2002-12-17,12:05:03
271,259,59,[1 2 3 4 5 6 7 8],2628,8,74,40.43,2002-12-17,12:05:03
272,324,59,[ 1  2  3  4  5  6  7  8  9 10 11 12],1463,93,250,19.22,2002-12-17,12:05:03
273,492,60,[1 2],3254,394,137,39.47,2002-12-17,12:05:03
274,356,60,[1 2 3 4 5],1160,183,137,43.52,2002-12-17,12:05:03
275,499,60,[1 2 3 4 5 6 7 8],1952,250,7,10.41,2002-12-17,12:05:03
276,463,60,[ 1  2  3  4  5  6  7  8  9 10 11 12],1661,170,2,6.44,2002-12-17,12:05:03
277,381,61,[1 2],3486,362,55,8.16,2002-12-17,12:05:03
278,87,61,[1 2 3 4 5],1870,293,114,28.25,2002-12-17,12:05:03
279,431,61,[1 2 3 4 5 6 7 8],913,193,91,14.72,2002-12-17,12:05:03
280,431,61,[ 1  2  3  4  5  6  7  8  9 10 11 12],592,253,235,11.92,2002-12-17,12:05:03
281,53,62,[1 2],1672,155,226,64.3,2002-12-17,12:05:03
282,476,62,[1 2 3 4 5],820,144,115,170.68,2002-12-17,12:05:03
283,383,62,[1 2 3 4 5 6 7 8],699,484,207,18.35,2002-12-17,12:05:03
284,42,62,[ 1  2  3  4  5  6  7  8  9 10 11 12],403,120,131,12.02,2002-12-17,12:05:03
285,499,63,[ 1  2  3  4  5  6  7  8  9 10],768,72,140,21.64,2009-01-05,08:04:54
286,183,63,[1 2 3 4 5 6 7 8 9],3673,427,191,49.68,2009-01-05,08:04:54
287,375,63,[1 2 3 4 5 6 7 8],3703,309,99,17.34,2009-01-05,08:04:54
288,93,63,[1 2 3 4 5 6 7 8],1202,474,112,8.92,2009-01-05,08:04:54
289,339,64,[ 1  2  3  4  5  6  7  8  9 10],1628,113,147,126.63,2009-01-05,08:04:54
290,232,64,[1 2 3 4 5 6 7 8 9],2648,442,96,17.32,2009-01-05,08:04:54
291,132,64,[1 2 3 4 5 6 7 8],450,438,192,13.93,2009-01-05,08:04:54
292,496,64,[1 2 3 4 5 6 7 8],1491,148,27,21.41,2009-01-05,08:04:54
293,160,65,[ 1  2  3  4  5  6  7  8  9 10],1147,134,166,24.94,2009-01-05,08:04:54
294,343,65,[1 2 3 4 5 6 7 8 9],3683,495,5,212.51,2009-01-05,08:04:54
295,274,65,[1 2 3 4 5 6 7 8],837,7,139,94.17,2009-01-05,08:04:54
296,373,65,[1 2 3 4 5 6 7 8],1314,224,76,16.78,2009-01-05,08:04:54
297,212,66,[ 1  2  3  4  5  6  7  8  9 10],2148,481,65,565.6,2009-01-05,08:04:54
298,373,66,[1 2 3 4 5 6 7 8 9],2697,215,133,7.05,2009-01-05,08:04:54
299,198,66,[1 2 3 4 5 6 7 8],1704,270,219,19.53,2009-01-05,08:04:54
300,280,66,[1 2 3 4 5 6 7 8],2606,307,120,13.99,2009-01-05,08:04:54
301,66,67,[ 1  2  3  4  5  6  7  8  9 10 11 12],2182,289,96,213.72,2020-12-18,11:19:44
302,460,67,[1 2 3 4 5 6],2175,277,42,235.34,2020-12-18,11:19:44
303,461,67,[1 2 3 4 5 6],362,243,140,5.28,2020-12-18,11:19:44
304,456,67,[1 2 3 4 5 6 7 8 9],1233,438,187,49.33,2020-12-18,11:19:44
305,119,68,[ 1  2  3  4  5  6  7  8  9 10 11 12],3031,476,36,75.27,2020-12-18,11:19:44
306,61,68,[1 2 3 4 5 6],2240,113,114,94.62,2020-12-18,11:19:44
307,43,68,[1 2 3 4 5 6],961,174,241,42.85,2020-12-18,11:19:44
308,445,68,[1 2 3 4 5 6 7 8 9],3592,118,139,27.48,2020-12-18,11:19:44
309,461,69,[ 1  2  3  4  5  6  7  8  9 10 11 12],1068,0,77,43.14,2020-12-18,11:19:44
310,299,69,[1 2 3 4 5 6],221,339,107,185.54,2020-12-18,11:19:44
311,473,69,[1 2 3 4 5 6],3489,162,154,25.52,2020-12-18,11:19:44
312,269,69,[1 2 3 4 5 6 7 8 9],363,129,160,27.31,2020-12-18,11:19:44
313,294,70,[ 1  2  3  4  5  6  7  8  9 10 11 12],855,152,22,9.14,2020-12-18,11:19:44
314,227,70,[1 2 3 4 5 6],325,148,84,22.46,2020-12-18,11:19:44
315,13,70,[1 2 3 4 5 6],1134,272,203,1222.62,2020-12-18,11:19:44
316,65,70,[1 2 3 4 5 6 7 8 9],2241,464,5,217.54,2020-12-18,11:19:44
317,179,71,[1 2 3 4 5 6 7 8 9],2161,129,179,373.8,2006-12-04,14:31:50
318,322,72,[1 2 3 4],1273,110,111,66.76,2011-11-18,08:49:13
319,14,72,[1 2 3],1683,151,105,33.02,2011-11-18,08:49:13
320,297,72,[1 2 3 4 5],1122,364,214,2311.13,2011-11-18,08:49:13
321,348,72,[1 2 3],2893,125,220,124.96,2011-11-18,08:49:13
322,88,72,[1 2 3 4 5 6 7 8],3588,297,89,17.58,2011-11-18,08:49:13
323,176,72,[1 2],3439,266,133,20.65,2011-11-18,08:49:13
324,157,73,[1 2 3 4],1471,130,202,325.4,2011-11-18,08:49:13
325,456,73,[1 2 3],1538,398,151,229.41,2011-11-18,08:49:13
326,90,73,[1 2 3 4 5],706,428,81,43.44,2011-11-18,08:49:13
327,209,73,[1 2 3],3377,225,53,36.62,2011-11-18,08:49:13
328,166,73,[1 2 3 4 5 6 7 8],1903,184,172,15.38,2011-11-18,08:49:13
329,66,73,[1 2],2571,428,149,3.23,2011-11-18,08:49:13
330,96,74,[1 2 3 4],2436,21,187,797.15,2011-11-18,08:49:13
331,96,74,[1 2 3],425,483,101,30.3,2011-11-18,08:49:13
332,68,74,[1 2 3 4 5],3286,52,11,14.52,2011-11-18,08:49:13
333,101,74,[1 2 3],1550,61,240,12.5,2011-11-18,08:49:13
334,344,74,[1 2 3 4 5 6 7 8],2903,371,207,44.21,2011-11-18,08:49:13
335,395,74,[1 2],42,356,46,7.18,2011-11-18,08:49:13
336,308,75,[1 2 3 4],1188,97,155,41.81,2011-11-18,08:49:13
337,219,75,[1 2 3],613,470,227,15.39,2011-11-18,08:49:13
338,441,75,[1 2 3 4 5],3205,80,20,357.3,2011-11-18,08:49:13
339,446,75,[1 2 3],2977,143,112,12.85,2011-11-18,08:49:13
340,21,75,[1 2 3 4 5 6 7 8],808,62,93,17.17,2011-11-18,08:49:13
341,458,75,[1 2],1356,228,86,78.38,2011-11-18,08:49:13
342,481,76,[1 2 3 4],2325,468,83,164.03,2011-11-18,08:49:13
343,94,76,[1 2 3],2208,375,85,257.94,2011-11-18,08:49:13
344,464,76,[1 2 3 4 5],2419,323,68,659.39,2011-11-18,08:49:13
345,337,76,[1 2 3],845,224,63,21.3,2011-11-18,08:49:13
346,398,76,[1 2 3 4 5 6 7 8],210,485,159,879.3,2011-11-18,08:49:13
347,298,76,[1 2],2352,228,142,326.45,2011-11-18,08:49:13
348,0,77,[1 2 3 4],1567,175,213,25.04,2011-11-18,08:49:13
349,337,77,[1 2 3],3497,430,190,13.01,2011-11-18,08:49:13
350,292,77,[1 2 3 4 5],1732,139,215,17.48,2011-11-18,08:49:13
351,351,77,[1 2 3],1066,277,94,1409.54,2011-11-18,08:49:13
352,351,77,[1 2 3 4 5 6 7 8],2171,432,133,676.45,2011-11-18,08:49:13
353,125,77,[1 2],2240,184,209,111.87,2011-11-18,08:49:13
354,461,78,[1 2 3 4 5],516,323,74,93.8,2004-12-18,21:17:17
355,348,78,[1 2 3 4 5],1752,463,37,18.13,2004-12-18,21:17:17
356,380,78,[1 2 3],3068,492,239,31.79,2004-12-18,21:17:17
357,74,78,[1 2 3 4 5 6],2531,427,23,10.12,2004-12-18,21:17:17
358,303,78,[ 1  2  3  4  5  6  7  8  9 10 11 12],1100,216,20,28.26,2004-12-18,21:17:17
359,451,78,[1 2 3 4 5 6],3224,265,25,41.59,2004-12-18,21:17:17
360,227,79,[1 2 3 4 5],529,235,26,25.0,2004-12-18,21:17:17
361,78,79,[1 2 3 4 5],2697,7,211,8.69,2004-12-18,21:17:17
362,287,79,[1 2 3],1462,5,122,33.14,2004-12-18,21:17:17
363,447,79,[1 2 3 4 5 6],716,417,195,50.01,2004-12-18,21:17:17
364,156,79,[ 1  2  3  4  5  6  7  8  9 10 11 12],3636,373,190,17.45,2004-12-18,21:17:17
365,440,79,[1 2 3 4 5 6],1391,113,98,11.47,2004-12-18,21:17:17
366,110,80,[1 2 3 4 5],297,141,248,16.39,2004-12-18,21:17:17
367,98,80,[1 2 3 4 5],2844,188,120,26.41,2004-12-18,21:17:17
368,274,80,[1 2 3],3734,277,214,27.51,2004-12-18,21:17:17
369,98,80,[1 2 3 4 5 6],2143,319,78,1225.74,2004-12-18,21:17:17
370,45,80,[ 1  2  3  4  5  6  7  8  9 10 11 12],3654,357,122,43.68,2004-12-18,21:17:17
371,298,80,[1 2 3 4 5 6],2158,301,136,114.23,2004-12-18,21:17:17
372,372,81,[1 2 3 4 5],1376,249,143,15.31,2004-12-18,21:17:17
373,232,81,[1 2 3 4 5],2816,499,48,119.41,2004-12-18,21:17:17
374,419,81,[1 2 3],2101,381,12,30.93,2004-12-18,21:17:17
375,152,81,[1 2 3 4 5 6],55,432,130,15.23,2004-12-18,21:17:17
376,0,81,[ 1  2  3  4  5  6  7  8  9 10 11 12],3482,283,135,7.8,2004-12-18,21:17:17
377,433,81,[1 2 3 4 5 6],379,446,63,43.07,2004-12-18,21:17:17
378,315,82,[1 2 3 4 5],3509,294,101,113.99,2004-12-18,21:17:17
379,323,82,[1 2 3 4 5],2479,144,142,28.16,2004-12-18,21:17:17
380,119,82,[1 2 3],2939,484,161,126.86,2004-12-18,21:17:17
381,394,82,[1 2 3 4 5 6],114,110,47,15.18,2004-12-18,21:17:17
382,295,82,[ 1  2  3  4  5  6  7  8  9 10 11 12],457,260,115,9.68,2004-12-18,21:17:17
383,398,82,[1 2 3 4 5 6],3433,79,154,7.85,2004-12-18,21:17:17
384,350,83,[1 2 3 4 5],1690,99,93,17.04,2004-12-18,21:17:17
385,132,83,[1 2 3 4 5],3710,480,72,20.41,2004-12-18,21:17:17
386,99,83,[1 2 3],2875,459,222,141.59,2004-12-18,21:17:17
387,425,83,[1 2 3 4 5 6],23,292,2,15.48,2004-12-18,21:17:17
388,21,83,[ 1  2  3  4  5  6  7  8  9 10 11 12],1583,170,183,12.54,2004-12-18,21:17:17
389,79,83,[1 2 3 4 5 6],2152,262,13,749.36,2004-12-18,21:17:17
390,31,84,[1 2],3816,190,123,5.69,2015-12-07,21:47:58
391,154,84,[1 2 3 4 5 6],3460,447,134,18.28,2015-12-07,21:47:58
392,52,84,[1 2 3 4 5 6 7 8 9],2529,343,223,1.3,2015-12-07,21:47:58
393,415,84,[ 1  2  3  4  5  6  7  8  9 10],3669,227,139,193.16,2015-12-07,21:47:58
394,125,84,[1 2 3 4 5 6],1697,104,139,9.31,2015-12-07,21:47:58
395,43,85,[1 2],2080,305,104,46.65,2015-12-07,21:47:58
396,414,85,[1 2 3 4 5 6],2653,368,86,34.17,2015-12-07,21:47:58
397,352,85,[1 2 3 4 5 6 7 8 9],2655,465,200,41.3,2015-12-07,21:47:58
398,168,85,[ 1  2  3  4  5  6  7  8  9 10],188,359,160,15.87,2015-12-07,21:47:58
399,94,85,[1 2 3 4 5 6],2141,170,84,961.11,2015-12-07,21:47:58
400,212,86,[1 2],1404,80,45,162.66,2015-12-07,21:47:58
401,303,86,[1 2 3 4 5 6],1868,328,60,15.34,2015-12-07,21:47:58
402,5,86,[1 2 3 4 5 6 7 8 9],1371,132,43,40.88,2015-12-07,21:47:58
403,280,86,[ 1  2  3  4  5  6  7  8  9 10],486,366,134,4.56,2015-12-07,21:47:58
404,204,86,[1 2 3 4 5 6],1080,162,98,8.97,2015-12-07,21:47:58
405,497,87,[1 2],1033,209,9,23.85,2015-12-07,21:47:58
406,488,87,[1 2 3 4 5 6],3680,289,215,50.69,2015-12-07,21:47:58
407,164,87,[1 2 3 4 5 6 7 8 9],3410,478,161,13.78,2015-12-07,21:47:58
408,204,87,[ 1  2  3  4  5  6  7  8  9 10],3336,142,20,51.24,2015-12-07,21:47:58
409,288,87,[1 2 3 4 5 6],3757,453,153,62.72,2015-12-07,21:47:58
410,299,88,[1 2],1810,276,113,464.3,2015-12-07,21:47:58
411,251,88,[1 2 3 4 5 6],3232,433,247,37.27,2015-12-07,21:47:58
412,149,88,[1 2 3 4 5 6 7 8 9],3149,329,89,28.86,2015-12-07,21:47:58
413,477,88,[ 1  2  3  4  5  6  7  8  9 10],3127,390,195,161.94,2015-12-07,21:47:58
414,171,88,[1 2 3 4 5 6],3110,271,69,141.28,2015-12-07,21:47:58
415,489,89,[1 2 3 4 5 6 7],2872,426,27,8.19,2020-06-13,19:52:45
416,418,89,[1 2 3 4 5 6],2022,27,32,59.37,2020-06-13,19:52:45
417,490,89,[1 2],2257,429,37,196.57,2020-06-13,19:52:45
418,346,90,[1 2 3 4 5 6 7],3817,194,179,22.39,2020-06-13,19:52:45
419,51,90,[1 2 3 4 5 6],1078,189,59,32.9,2020-06-13,19:52:45
420,52,90,[1 2],1510,466,176,9.82,2020-06-13,19:52:45
421,247,91,[1 2 3 4 5 6 7],3576,493,101,13.61,2020-06-13,19:52:45
422,61,91,[1 2 3 4 5 6],2168,140,222,387.25,2020-06-13,19:52:45
423,99,91,[1 2],1992,302,223,24.65,2020-06-13,19:52:45
424,137,92,[1 2 3 4 5 6 7 8 9],978,345,202,17.19,2011-07-20,13:38:11
425,494,92,[ 1  2  3  4  5  6  7  8  9 10 11],2465,227,187,73.27,2011-07-20,13:38:11
426,301,92,[ 1  2  3  4  5  6  7  8  9 10 11 12],2057,376,144,33.54,2011-07-20,13:38:11
427,458,92,[1],327,185,224,23.07,2011-07-20,13:38:11
428,399,92,[ 1  2  3  4  5  6  7  8  9 10 11 12],2211,160,236,161.35,2011-07-20,13:38:11
429,333,92,[1 2 3 4 5 6 7],565,40,65,36.61,2011-07-20,13:38:11
430,411,92,[1],3024,57,77,13.62,2011-07-20,13:38:11
431,320,92,[1],1404,8,89,156.96,2011-07-20,13:38:11
432,268,93,[1 2 3 4 5 6 7 8 9],3465,156,157,228.62,2011-07-20,13:38:11
433,412,93,[ 1  2  3  4  5  6  7  8  9 10 11],1956,424,57,18.24,2011-07-20,13:38:11
434,324,93,[ 1  2  3  4  5  6  7  8  9 10 11 12],746,183,118,72.94,2011-07-20,13:38:11
435,418,93,[1],361,148,147,46.79,2011-07-20,13:38:11
436,309,93,[ 1  2  3  4  5  6  7  8  9 10 11 12],3422,495,127,14.98,2011-07-20,13:38:11
437,157,93,[1 2 3 4 5 6 7],224,331,217,20.11,2011-07-20,13:38:11
438,177,93,[1],3354,484,173,45.08,2011-07-20,13:38:11
439,179,93,[1],3392,400,38,32.59,2011-07-20,13:38:11
440,331,94,[1 2 3 4 5 6 7 8 9],2258,212,99,208.53,2011-07-20,13:38:11
441,20,94,[ 1  2  3  4  5  6  7  8  9 10 11],1222,260,225,8.56,2011-07-20,13:38:11
442,213,94,[ 1  2  3  4  5  6  7  8  9 10 11 12],3784,142,19,25.17,2011-07-20,13:38:11
443,235,94,[1],3254,258,143,41.75,2011-07-20,13:38:11
444,215,94,[ 1  2  3  4  5  6  7  8  9 10 11 12],916,191,211,13.38,2011-07-20,13:38:11
445,231,94,[1 2 3 4 5 6 7],1830,437,166,11.62,2011-07-20,13:38:11
446,446,94,[1],2122,478,53,378.2,2011-07-20,13:38:11
447,198,94,[1],273,428,79,16.56,2011-07-20,13:38:11
448,261,95,[1 2 3 4 5 6 7 8 9],2174,19,90,162.71,2011-07-20,13:38:11
449,409,95,[ 1  2  3  4  5  6  7  8  9 10 11],3588,408,191,20.28,2011-07-20,13:38:11
450,201,95,[ 1  2  3  4  5  6  7  8  9 10 11 12],390,456,4,28.99,2011-07-20,13:38:11
451,366,95,[1],119,109,188,8.41,2011-07-20,13:38:11
452,73,95,[ 1  2  3  4  5  6  7  8  9 10 11 12],57,221,106,1064.99,2011-07-20,13:38:11
453,446,95,[1 2 3 4 5 6 7],3160,218,44,29.76,2011-07-20,13:38:11
454,424,95,[1],1957,149,83,51.31,2011-07-20,13:38:11
455,330,95,[1],1036,381,219,21.12,2011-07-20,13:38:11
456,79,96,[1 2 3 4 5 6 7 8 9],3604,384,154,7.01,2011-07-20,13:38:11
457,9,96,[ 1  2  3  4  5  6  7  8  9 10 11],656,331,80,15.25,2011-07-20,13:38:11
458,300,96,[ 1  2  3  4  5  6  7  8  9 10 11 12],485,210,224,57.15,2011-07-20,13:38:11
459,223,96,[1],2946,216,163,24.83,2011-07-20,13:38:11
460,436,96,[ 1  2  3  4  5  6  7  8  9 10 11 12],1768,417,177,13.72,2011-07-20,13:38:11
461,400,96,[1 2 3 4 5 6 7],2278,297,16,460.13,2011-07-20,13:38:11
462,300,96,[1],3364,44,24,60.91,2011-07-20,13:38:11
463,246,96,[1],1472,182,108,7.45,2011-07-20,13:38:11
464,87,97,[1 2 3 4 5 6 7 8 9],94,22,55,11.69,2011-07-20,13:38:11
465,289,97,[ 1  2  3  4  5  6  7  8  9 10 11],2941,417,146,48.67,2011-07-20,13:38:11
466,408,97,[ 1  2  3  4  5  6  7  8  9 10 11 12],3421,41,215,11.36,2011-07-20,13:38:11
467,364,97,[1],3579,479,236,10.6,2011-07-20,13:38:11
468,327,97,[ 1  2  3  4  5  6  7  8  9 10 11 12],2951,310,162,10.09,2011-07-20,13:38:11
469,132,97,[1 2 3 4 5 6 7],2043,469,118,39.87,2011-07-20,13:38:11
470,180,97,[1],820,465,243,147.02,2011-07-20,13:38:11
471,138,97,[1],2145,182,146,1094.56,2011-07-20,13:38:11
472,377,98,[1 2 3 4 5 6 7 8 9],2740,473,181,9.5,2011-07-20,13:38:11
473,95,98,[ 1  2  3  4  5  6  7  8  9 10 11],482,185,53,18.67,2011-07-20,13:38:11
474,363,98,[ 1  2  3  4  5  6  7  8  9 10 11 12],3133,171,159,19.36,2011-07-20,13:38:11
475,140,98,[1],3240,421,161,20.55,2011-07-20,13:38:11
476,107,98,[ 1  2  3  4  5  6  7  8  9 10 11 12],1779,130,157,18.47,2011-07-20,13:38:11
477,141,98,[1 2 3 4 5 6 7],771,224,109,22.88,2011-07-20,13:38:11
478,141,98,[1],537,480,80,21.64,2011-07-20,13:38:11
479,199,98,[1],131,426,24,29.24,2011-07-20,13:38:11
480,213,99,[1 2 3 4 5 6 7 8 9],488,337,73,25.43,2011-07-20,13:38:11
481,261,99,[ 1  2  3  4  5  6  7  8  9 10 11],1169,196,214,87.93,2011-07-20,13:38:11
482,403,99,[ 1  2  3  4  5  6  7  8  9 10 11 12],3633,307,14,89.96,2011-07-20,13:38:11
483,238,99,[1],1049,479,208,2343.79,2011-07-20,13:38:11
484,387,99,[ 1  2  3  4  5  6  7  8  9 10 11 12],1123,484,206,38.0,2011-07-20,13:38:11
485,185,99,[1 2 3 4 5 6 7],1645,406,112,14.3,2011-07-20,13:38:11
486,59,99,[1],767,109,199,638.92,2011-07-20,13:38:11
487,167,99,[1],1250,377,50,29.89,2011-07-20,13:38:11
488,147,100,[1 2 3 4 5 6 7 8 9],1256,305,144,6.54,2014-08-22,23:12:42
489,440,100,[1 2],1144,403,178,11.55,2014-08-22,23:12:42
490,286,100,[1 2 3 4 5 6],181,47,151,16.02,2014-08-22,23:12:42
491,464,101,[1 2 3 4 5 6 7 8 9],2445,342,78,113.61,2014-08-22,23:12:42
492,194,101,[1 2],2772,300,207,501.64,2014-08-22,23:12:42
493,253,101,[1 2 3 4 5 6],1128,198,134,18.17,2014-08-22,23:12:42
494,282,102,[1 2 3 4 5 6 7 8 9],741,332,214,12.8,2014-08-22,23:12:42
495,189,102,[1 2],543,441,160,20.83,2014-08-22,23:12:42
496,409,102,[1 2 3 4 5 6],557,136,187,1529.56,2014-08-22,23:12:42
497,384,103,[1 2 3],948,225,205,80.55,2010-05-29,21:02:30
498,400,103,[1 2 3 4 5],3308,159,195,13.97,2010-05-29,21:02:30
499,26,103,[1 2 3 4 5 6 7 8 9],1084,387,4,15.56,2010-05-29,21:02:30
500,406,103,[1 2 3 4 5 6 7],3578,415,23,190.21,2010-05-29,21:02:30
501,262,103,[1],535,453,192,22.65,2010-05-29,21:02:30
502,85,103,[ 1  2  3  4  5  6  7  8  9 10],758,46,135,11.77,2010-05-29,21:02:30
503,360,103,[1 2],2476,214,138,28.5,2010-05-29,21:02:30
504,97,104,[1 2 3],2952,317,229,58.44,2010-05-29,21:02:30
505,236,104,[1 2 3 4 5],810,21,229,118.93,2010-05-29,21:02:30
506,87,104,[1 2 3 4 5 6 7 8 9],1423,321,165,20.38,2010-05-29,21:02:30
507,476,104,[1 2 3 4 5 6 7],2279,272,116,392.56,2010-05-29,21:02:30
508,444,104,[1],189,443,9,16.09,2010-05-29,21:02:30
509,466,104,[ 1  2  3  4  5  6  7  8  9 10],3742,121,36,33.09,2010-05-29,21:02:30
510,47,104,[1 2],2395,430,109,549.71,2010-05-29,21:02:30
511,43,105,[1 2 3],2476,442,63,29.52,2010-05-29,21:02:30
512,424,105,[1 2 3 4 5],3042,331,129,17.74,2010-05-29,21:02:30
513,172,105,[1 2 3 4 5 6 7 8 9],3673,298,173,39.42,2010-05-29,21:02:30
514,466,105,[1 2 3 4 5 6 7],3144,74,210,130.65,2010-05-29,21:02:30
515,28,105,[1],334,84,160,12.22,2010-05-29,21:02:30
516,417,105,[ 1  2  3  4  5  6  7  8  9 10],723,446,97,35.38,2010-05-29,21:02:30
517,145,105,[1 2],3420,421,160,9.46,2010-05-29,21:02:30
518,192,106,[1 2 3],2827,314,98,22.53,2010-05-29,21:02:30
519,288,106,[1 2 3 4 5],786,184,91,6.43,2010-05-29,21:02:30
520,365,106,[1 2 3 4 5 6 7 8 9],1049,94,219,2397.57,2010-05-29,21:02:30
521,396,106,[1 2 3 4 5 6 7],2714,33,113,30.02,2010-05-29,21:02:30
522,414,106,[1],443,415,28,19.83,2010-05-29,21:02:30
523,243,106,[ 1  2  3  4  5  6  7  8  9 10],1996,92,132,13.35,2010-05-29,21:02:30
524,478,106,[1 2],1901,137,242,16.07,2010-05-29,21:02:30
525,247,107,[1 2 3],943,49,93,122.52,2010-05-29,21:02:30
526,231,107,[1 2 3 4 5],406,268,17,58.31,2010-05-29,21:02:30
527,228,107,[1 2 3 4 5 6 7 8 9],1470,207,224,4.51,2010-05-29,21:02:30
528,493,107,[1 2 3 4 5 6 7],635,482,232,69.99,2010-05-29,21:02:30
529,293,107,[1],2081,404,118,14.51,2010-05-29,21:02:30
530,15,107,[ 1  2  3  4  5  6  7  8  9 10],1273,408,197,62.42,2010-05-29,21:02:30
531,400,107,[1 2],3346,283,53,31.15,2010-05-29,21:02:30
532,264,108,[1 2 3],312,75,91,180.95,2010-05-29,21:02:30
533,470,108,[1 2 3 4 5],864,201,57,108.64,2010-05-29,21:02:30
534,80,108,[1 2 3 4 5 6 7 8 9],2907,190,93,8.29,2010-05-29,21:02:30
535,290,108,[1 2 3 4 5 6 7],2371,325,107,705.48,2010-05-29,21:02:30
536,208,108,[1],2301,34,52,16.51,2010-05-29,21:02:30
537,109,108,[ 1  2  3  4  5  6  7  8  9 10],2685,426,61,91.03,2010-05-29,21:02:30
538,280,108,[1 2],32,81,70,10.24,2010-05-29,21:02:30
539,189,109,[1 2 3],2152,23,220,779.89,2010-05-29,21:02:30
540,354,109,[1 2 3 4 5],1309,404,200,57.12,2010-05-29,21:02:30
541,263,109,[1 2 3 4 5 6 7 8 9],2606,441,138,14.98,2010-05-29,21:02:30
542,302,109,[1 2 3 4 5 6 7],1827,378,66,7.25,2010-05-29,21:02:30
543,436,109,[1],3792,414,4,51.22,2010-05-29,21:02:30
544,300,109,[ 1  2  3  4  5  6  7  8  9 10],2903,137,17,44.01,2010-05-29,21:02:30
545,289,109,[1 2],3309,406,229,17.77,2010-05-29,21:02:30
546,96,110,[1 2 3 4 5 6 7 8 9],2201,334,175,224.98,2009-02-06,04:31:02
547,346,110,[ 1  2  3  4  5  6  7  8  9 10],3128,476,175,612.99,2009-02-06,04:31:02
548,124,110,[ 1  2  3  4  5  6  7  8  9 10],2714,62,51,32.16,2009-02-06,04:31:02
549,269,110,[1 2 3 4 5 6 7 8 9],3141,296,111,50.55,2009-02-06,04:31:02
550,256,110,[1 2 3 4],294,391,202,1131.29,2009-02-06,04:31:02
551,412,110,[1 2 3 4 5 6 7 8 9],2831,188,101,14.5,2009-02-06,04:31:02
552,168,111,[1 2 3 4 5 6 7 8 9],2505,194,247,11.38,2009-02-06,04:31:02
553,158,111,[ 1  2  3  4  5  6  7  8  9 10],3162,181,17,842.73,2009-02-06,04:31:02
554,419,111,[ 1  2  3  4  5  6  7  8  9 10],757,49,50,16.65,2009-02-06,04:31:02
555,237,111,[1 2 3 4 5 6 7 8 9],384,174,123,39.81,2009-02-06,04:31:02
556,478,111,[1 2 3 4],3144,292,231,122.51,2009-02-06,04:31:02
557,250,111,[1 2 3 4 5 6 7 8 9],2150,312,48,415.68,2009-02-06,04:31:02
558,262,112,[1 2 3 4 5 6 7 8 9],67,30,214,15.81,2009-02-06,04:31:02
559,359,112,[ 1  2  3  4  5  6  7  8  9 10],1123,457,237,36.7,2009-02-06,04:31:02
560,15,112,[ 1  2  3  4  5  6  7  8  9 10],3463,47,216,18.37,2009-02-06,04:31:02
561,165,112,[1 2 3 4 5 6 7 8 9],2898,480,197,12.2,2009-02-06,04:31:02
562,213,112,[1 2 3 4],2393,433,38,968.78,2009-02-06,04:31:02
563,293,112,[1 2 3 4 5 6 7 8 9],2742,358,63,80.92,2009-02-06,04:31:02
564,162,113,[1 2 3 4 5 6 7 8 9],3361,422,243,201.62,2009-02-06,04:31:02
565,205,113,[ 1  2  3  4  5  6  7  8  9 10],514,385,40,29.96,2009-02-06,04:31:02
566,297,113,[ 1  2  3  4  5  6  7  8  9 10],628,294,235,119.29,2009-02-06,04:31:02
567,56,113,[1 2 3 4 5 6 7 8 9],1007,344,107,9.48,2009-02-06,04:31:02
568,492,113,[1 2 3 4],1646,368,204,10.21,2009-02-06,04:31:02
569,197,113,[1 2 3 4 5 6 7 8 9],2187,415,188,258.34,2009-02-06,04:31:02
570,39,114,[1 2 3 4 5 6 7 8 9],2531,187,177,10.52,2009-02-06,04:31:02
571,461,114,[ 1  2  3  4  5  6  7  8  9 10],618,48,137,19.11,2009-02-06,04:31:02
572,469,114,[ 1  2  3  4  5  6  7  8  9 10],783,6,115,172.21,2009-02-06,04:31:02
573,84,114,[1 2 3 4 5 6 7 8 9],488,141,160,26.85,2009-02-06,04:31:02
574,426,114,[1 2 3 4],2786,200,61,9.01,2009-02-06,04:31:02
575,249,114,[1 2 3 4 5 6 7 8 9],1686,305,106,16.39,2009-02-06,04:31:02
576,36,115,[1 2 3 4 5 6 7 8 9],318,216,27,8.82,2009-02-06,04:31:02
577,396,115,[ 1  2  3  4  5  6  7  8  9 10],1359,416,15,7.76,2009-02-06,04:31:02
578,496,115,[ 1  2  3  4  5  6  7  8  9 10],141,277,66,23.87,2009-02-06,04:31:02
579,381,115,[1 2 3 4 5 6 7 8 9],694,349,118,19.73,2009-02-06,04:31:02
580,302,115,[1 2 3 4],2574,189,14,12.14,2009-02-06,04:31:02
581,60,115,[1 2 3 4 5 6 7 8 9],2810,357,249,24.08,2009-02-06,04:31:02
582,491,116,[1 2],3306,496,26,27.97,2007-09-22,09:05:19
583,171,116,[1 2 3],625,416,74,35.24,2007-09-22,09:05:19
584,277,117,[1 2],3806,153,196,38.95,2007-09-22,09:05:19
585,152,117,[1 2 3],2871,460,48,13.14,2007-09-22,09:05:19
586,86,118,[ 1  2  3  4  5  6  7  8  9 10],1211,247,230,14.06,2005-07-07,02:40:59
587,445,118,[1 2 3 4 5 6 7],2887,113,202,17.41,2005-07-07,02:40:59
588,234,118,[1 2 3 4 5 6 7 8 9],1851,399,121,18.61,2005-07-07,02:40:59
589,436,118,[1 2 3 4 5 6],3052,445,88,20.88,2005-07-07,02:40:59
590,68,118,[1 2 3 4],2976,60,26,90.57,2005-07-07,02:40:59
591,419,118,[ 1  2  3  4  5  6  7  8  9 10],1990,81,128,21.43,2005-07-07,02:40:59
592,356,118,[ 1  2  3  4  5  6  7  8  9 10],1931,339,211,8.67,2005-07-07,02:40:59
593,69,118,[1 2],697,7,219,9.27,2005-07-07,02:40:59
594,93,119,[ 1  2  3  4  5  6  7  8  9 10],248,18,242,87.05,2005-07-07,02:40:59
595,240,119,[1 2 3 4 5 6 7],312,411,87,158.43,2005-07-07,02:40:59
596,155,119,[1 2 3 4 5 6 7 8 9],1333,269,87,42.17,2005-07-07,02:40:59
597,45,119,[1 2 3 4 5 6],3165,374,1,136.02,2005-07-07,02:40:59
598,136,119,[1 2 3 4],3475,390,2,27.32,2005-07-07,02:40:59
599,237,119,[ 1  2  3  4  5  6  7  8  9 10],989,28,197,16.56,2005-07-07,02:40:59
600,127,119,[ 1  2  3  4  5  6  7  8  9 10],1689,308,97,8.6,2005-07-07,02:40:59
601,349,119,[1 2],3144,485,223,111.38,2005-07-07,02:40:59
602,52,120,[ 1  2  3  4  5  6  7  8  9 10],789,324,166,41.03,2005-07-07,02:40:59
603,425,120,[1 2 3 4 5 6 7],3565,261,62,23.63,2005-07-07,02:40:59
604,117,120,[1 2 3 4 5 6 7 8 9],1715,456,206,38.8,2005-07-07,02:40:59
605,23,120,[1 2 3 4 5 6],3157,197,55,28.63,2005-07-07,02:40:59
606,53,120,[1 2 3 4],295,320,44,129.66,2005-07-07,02:40:59
607,472,120,[ 1  2  3  4  5  6  7  8  9 10],2357,32,244,276.36,2005-07-07,02:40:59
608,361,120,[ 1  2  3  4  5  6  7  8  9 10],2363,348,202,889.84,2005-07-07,02:40:59
609,93,120,[1 2],1663,389,193,9.53,2005-07-07,02:40:59
610,347,121,[ 1  2  3  4  5  6  7  8  9 10],231,436,177,14.48,2005-07-07,02:40:59
611,278,121,[1 2 3 4 5 6 7],983,181,142,22.59,2005-07-07,02:40:59
612,404,121,[1 2 3 4 5 6 7 8 9],1943,130,237,10.0,2005-07-07,02:40:59
613,6,121,[1 2 3 4 5 6],1560,106,188,23.95,2005-07-07,02:40:59
614,234,121,[1 2 3 4],1002,293,43,29.89,2005-07-07,02:40:59
615,189,121,[ 1  2  3  4  5  6  7  8  9 10],2561,264,89,15.5,2005-07-07,02:40:59
616,335,121,[ 1  2  3  4  5  6  7  8  9 10],815,223,194,20.15,2005-07-07,02:40:59
617,278,121,[1 2],110,29,133,20.51,2005-07-07,02:40:59
618,316,122,[ 1  2  3  4  5  6  7  8  9 10],187,213,53,22.41,2005-07-07,02:40:59
619,282,122,[1 2 3 4 5 6 7],1705,371,52,21.93,2005-07-07,02:40:59
620,323,122,[1 2 3 4 5 6 7 8 9],1580,242,180,18.74,2005-07-07,02:40:59
621,188,122,[1 2 3 4 5 6],3321,221,81,40.14,2005-07-07,02:40:59
622,326,122,[1 2 3 4],390,449,51,22.28,2005-07-07,02:40:59
623,299,122,[ 1  2  3  4  5  6  7  8  9 10],3314,352,6,17.67,2005-07-07,02:40:59
624,468,122,[ 1  2  3  4  5  6  7  8  9 10],2699,137,101,106.06,2005-07-07,02:40:59
625,375,122,[1 2],1479,287,99,7.45,2005-07-07,02:40:59
626,205,123,[ 1  2  3  4  5  6  7  8  9 10],1383,218,113,9.06,2005-07-07,02:40:59
627,108,123,[1 2 3 4 5 6 7],3169,189,35,174.78,2005-07-07,02:40:59
628,135,123,[1 2 3 4 5 6 7 8 9],1488,103,6,9.32,2005-07-07,02:40:59
629,21,123,[1 2 3 4 5 6],266,354,218,19.21,2005-07-07,02:40:59
630,92,123,[1 2 3 4],2427,492,216,16.74,2005-07-07,02:40:59
631,70,123,[ 1  2  3  4  5  6  7  8  9 10],2990,405,33,459.98,2005-07-07,02:40:59
632,25,123,[ 1  2  3  4  5  6  7  8  9 10],189,102,220,16.98,2005-07-07,02:40:59
633,61,123,[1 2],2630,189,244,177.12,2005-07-07,02:40:59
634,485,124,[ 1  2  3  4  5  6  7  8  9 10],2469,244,183,35.59,2005-07-07,02:40:59
635,379,124,[1 2 3 4 5 6 7],3106,254,213,19.08,2005-07-07,02:40:59
636,182,124,[1 2 3 4 5 6 7 8 9],615,241,2,7.96,2005-07-07,02:40:59
637,144,124,[1 2 3 4 5 6],2719,286,193,19.18,2005-07-07,02:40:59
638,133,124,[1 2 3 4],1931,369,172,9.76,2005-07-07,02:40:59
639,454,124,[ 1  2  3  4  5  6  7  8  9 10],3676,136,238,38.84,2005-07-07,02:40:59
640,65,124,[ 1  2  3  4  5  6  7  8  9 10],1685,156,116,11.51,2005-07-07,02:40:59
641,484,124,[1 2],692,134,8,42.17,2005-07-07,02:40:59
642,499,125,[ 1  2  3  4  5  6  7  8  9 10],2407,147,200,247.14,2005-07-07,02:40:59
643,202,125,[1 2 3 4 5 6 7],2719,31,151,18.54,2005-07-07,02:40:59
644,284,125,[1 2 3 4 5 6 7 8 9],1599,376,8,11.95,2005-07-07,02:40:59
645,383,125,[1 2 3 4 5 6],3751,108,130,28.51,2005-07-07,02:40:59
646,94,125,[1 2 3 4],1678,249,81,11.24,2005-07-07,02:40:59
647,183,125,[ 1  2  3  4  5  6  7  8  9 10],2127,43,5,572.54,2005-07-07,02:40:59
648,34,125,[ 1  2  3  4  5  6  7  8  9 10],2939,92,3,120.66,2005-07-07,02:40:59
649,473,125,[1 2],725,356,127,15.67,2005-07-07,02:40:59
650,94,126,[1 2 3 4],2392,349,238,173.18,2010-03-17,17:40:21
651,403,126,[1 2 3],381,359,9,75.2,2010-03-17,17:40:21
652,219,126,[1 2 3],1164,229,11,13.7,2010-03-17,17:40:21
653,498,126,[1 2 3 4 5 6 7],2561,375,248,14.51,2010-03-17,17:40:21
654,337,126,[1 2 3 4 5 6 7 8 9],865,100,161,12.41,2010-03-17,17:40:21
655,249,126,[1],765,259,66,92.95,2010-03-17,17:40:21
656,303,126,[1 2],1555,297,169,9.96,2010-03-17,17:40:21
657,4,127,[1 2 3 4],182,66,226,11.15,2010-03-17,17:40:21
658,53,127,[1 2 3],179,205,243,26.99,2010-03-17,17:40:21
659,385,127,[1 2 3],619,281,27,14.81,2010-03-17,17:40:21
660,125,127,[1 2 3 4 5 6 7],238,110,177,11.16,2010-03-17,17:40:21
661,461,127,[1 2 3 4 5 6 7 8 9],1632,111,84,15.41,2010-03-17,17:40:21
662,336,127,[1],948,214,66,86.8,2010-03-17,17:40:21
663,360,127,[1 2],994,436,200,17.27,2010-03-17,17:40:21
664,314,128,[1 2 3 4],246,291,109,5.3,2010-03-17,17:40:21
665,235,128,[1 2 3],3739,28,240,85.02,2010-03-17,17:40:21
666,477,128,[1 2 3],3480,322,66,5.76,2010-03-17,17:40:21
667,410,128,[1 2 3 4 5 6 7],1026,187,38,12.32,2010-03-17,17:40:21
668,6,128,[1 2 3 4 5 6 7 8 9],1707,274,132,9.78,2010-03-17,17:40:21
669,373,128,[1],2401,40,124,250.84,2010-03-17,17:40:21
670,287,128,[1 2],2942,215,151,254.6,2010-03-17,17:40:21
671,361,129,[1 2 3 4],570,400,202,54.69,2010-03-17,17:40:21
672,35,129,[1 2 3],2025,466,4,30.44,2010-03-17,17:40:21
673,105,129,[1 2 3],2082,259,83,30.74,2010-03-17,17:40:21
674,247,129,[1 2 3 4 5 6 7],1297,190,81,556.1,2010-03-17,17:40:21
675,15,129,[1 2 3 4 5 6 7 8 9],3229,15,32,9.81,2010-03-17,17:40:21
676,9,129,[1],1679,421,135,18.26,2010-03-17,17:40:21
677,403,129,[1 2],1760,242,206,27.21,2010-03-17,17:40:21
678,283,130,[1 2 3 4],3380,343,125,229.24,2010-03-17,17:40:21
679,47,130,[1 2 3],27,340,206,15.07,2010-03-17,17:40:21
680,2,130,[1 2 3],1746,458,167,19.44,2010-03-17,17:40:21
681,102,130,[1 2 3 4 5 6 7],509,449,15,9.62,2010-03-17,17:40:21
682,475,130,[1 2 3 4 5 6 7 8 9],1680,473,204,72.93,2010-03-17,17:40:21
683,40,130,[1],3174,186,94,29.53,2010-03-17,17:40:21
684,318,130,[1 2],468,232,97,56.28,2010-03-17,17:40:21
685,39,131,[1 2 3 4],1988,361,14,11.25,2010-03-17,17:40:21
686,161,131,[1 2 3],2420,470,167,27.27,2010-03-17,17:40:21
687,357,131,[1 2 3],3817,242,228,19.13,2010-03-17,17:40:21
688,143,131,[1 2 3 4 5 6 7],2740,6,94,7.2,2010-03-17,17:40:21
689,80,131,[1 2 3 4 5 6 7 8 9],1885,376,68,28.53,2010-03-17,17:40:21
690,363,131,[1],3662,446,43,125.53,2010-03-17,17:40:21
691,246,131,[1 2],3570,50,114,549.05,2010-03-17,17:40:21
692,5,132,[1 2 3 4],902,230,68,84.6,2010-03-17,17:40:21
693,311,132,[1 2 3],997,470,165,116.68,2010-03-17,17:40:21
694,309,132,[1 2 3],2363,94,210,970.89,2010-03-17,17:40:21
695,17,132,[1 2 3 4 5 6 7],3554,218,200,86.64,2010-03-17,17:40:21
696,155,132,[1 2 3 4 5 6 7 8 9],64,458,42,136.65,2010-03-17,17:40:21
697,235,132,[1],1973,206,199,6.66,2010-03-17,17:40:21
698,171,132,[1 2],1576,4,67,20.56,2010-03-17,17:40:21
699,193,133,[1],610,272,83,111.48,2015-05-19,08:35:47
700,375,134,[ 1  2  3  4  5  6  7  8  9 10],1540,304,239,48.54,2005-02-19,02:45:18
701,387,134,[1 2 3 4 5 6 7 8],2465,235,136,81.64,2005-02-19,02:45:18
702,451,134,[1 2 3 4 5 6 7 8],1982,227,35,10.23,2005-02-19,02:45:18
703,213,134,[1 2 3 4 5 6 7 8],3698,191,176,14.38,2005-02-19,02:45:18
704,234,134,[1 2 3 4 5 6],944,24,58,72.34,2005-02-19,02:45:18
705,359,134,[1 2 3 4 5 6 7 8],59,226,120,1027.78,2005-02-19,02:45:18
706,156,135,[ 1  2  3  4  5  6  7  8  9 10],3168,89,177,35.58,2005-02-19,02:45:18
707,194,135,[1 2 3 4 5 6 7 8],2383,415,41,58.58,2005-02-19,02:45:18
708,264,135,[1 2 3 4 5 6 7 8],3324,3,239,294.16,2005-02-19,02:45:18
709,221,135,[1 2 3 4 5 6 7 8],1024,44,239,28.66,2005-02-19,02:45:18
710,428,135,[1 2 3 4 5 6],176,452,32,13.11,2005-02-19,02:45:18
711,57,135,[1 2 3 4 5 6 7 8],350,422,135,15.08,2005-02-19,02:45:18
712,287,136,[ 1  2  3  4  5  6  7  8  9 10],226,474,128,11.19,2005-02-19,02:45:18
713,28,136,[1 2 3 4 5 6 7 8],2113,470,139,143.83,2005-02-19,02:45:18
714,244,136,[1 2 3 4 5 6 7 8],867,492,184,11.18,2005-02-19,02:45:18
715,384,136,[1 2 3 4 5 6 7 8],3356,327,244,43.23,2005-02-19,02:45:18
716,495,136,[1 2 3 4 5 6],2860,487,233,12.85,2005-02-19,02:45:18
717,183,136,[1 2 3 4 5 6 7 8],735,107,2,43.81,2005-02-19,02:45:18
718,359,137,[ 1  2  3  4  5  6  7  8  9 10],3257,222,123,16.23,2005-02-19,02:45:18
719,5,137,[1 2 3 4 5 6 7 8],1677,127,74,148.88,2005-02-19,02:45:18
720,445,137,[1 2 3 4 5 6 7 8],1436,107,92,8.76,2005-02-19,02:45:18
721,98,137,[1 2 3 4 5 6 7 8],3255,220,104,88.11,2005-02-19,02:45:18
722,444,137,[1 2 3 4 5 6],682,418,101,15.02,2005-02-19,02:45:18
723,248,137,[1 2 3 4 5 6 7 8],1742,110,56,37.71,2005-02-19,02:45:18
724,476,138,[ 1  2  3  4  5  6  7  8  9 10],1006,401,104,30.71,2005-02-19,02:45:18
725,463,138,[1 2 3 4 5 6 7 8],3770,326,104,9.85,2005-02-19,02:45:18
726,359,138,[1 2 3 4 5 6 7 8],3034,347,102,10.71,2005-02-19,02:45:18
727,340,138,[1 2 3 4 5 6 7 8],2597,178,236,15.37,2005-02-19,02:45:18
728,72,138,[1 2 3 4 5 6],593,174,157,20.0,2005-02-19,02:45:18
729,136,138,[1 2 3 4 5 6 7 8],928,257,211,68.54,2005-02-19,02:45:18
730,69,139,[ 1  2  3  4  5  6  7  8  9 10],2383,74,210,53.61,2005-02-19,02:45:18
731,334,139,[1 2 3 4 5 6 7 8],904,331,34,12.27,2005-02-19,02:45:18
732,257,139,[1 2 3 4 5 6 7 8],3483,59,100,12.17,2005-02-19,02:45:18
733,124,139,[1 2 3 4 5 6 7 8],2036,187,246,58.59,2005-02-19,02:45:18
734,326,139,[1 2 3 4 5 6],2704,201,241,110.37,2005-02-19,02:45:18
735,381,139,[1 2 3 4 5 6 7 8],3190,465,145,43.09,2005-02-19,02:45:18
736,124,140,[1 2 3 4 5 6 7 8],2229,280,223,440.48,2008-02-25,18:57:34
737,100,140,[ 1  2  3  4  5  6  7  8  9 10],3789,431,163,48.54,2008-02-25,18:57:34
738,443,140,[1],1048,316,43,22.48,2008-02-25,18:57:34
739,247,140,[1 2 3 4 5 6 7 8],248,18,140,87.05,2008-02-25,18:57:34
740,177,140,[1 2 3 4 5 6],2733,461,54,18.83,2008-02-25,18:57:34
741,20,140,[1 2 3 4],3586,347,177,18.45,2008-02-25,18:57:34
742,430,140,[1 2 3 4 5 6 7],582,213,163,50.71,2008-02-25,18:57:34
743,497,140,[1 2 3 4],622,65,168,31.49,2008-02-25,18:57:34
744,147,141,[1 2 3 4 5 6 7 8],1558,93,198,32.47,2008-02-25,18:57:34
745,106,141,[ 1  2  3  4  5  6  7  8  9 10],2919,425,86,58.35,2008-02-25,18:57:34
746,141,141,[1],486,129,47,5.44,2008-02-25,18:57:34
747,459,141,[1 2 3 4 5 6 7 8],1268,88,240,61.38,2008-02-25,18:57:34
748,369,141,[1 2 3 4 5 6],2599,49,47,17.91,2008-02-25,18:57:34
749,29,141,[1 2 3 4],12,442,66,16.24,2008-02-25,18:57:34
750,316,141,[1 2 3 4 5 6 7],2076,498,118,44.7,2008-02-25,18:57:34
751,35,141,[1 2 3 4],747,94,94,60.41,2008-02-25,18:57:34
752,291,142,[1 2 3 4 5 6 7 8],1639,275,22,12.24,2008-02-25,18:57:34
753,147,142,[ 1  2  3  4  5  6  7  8  9 10],3123,457,190,753.6,2008-02-25,18:57:34
754,431,142,[1],1066,294,98,1474.12,2008-02-25,18:57:34
755,197,142,[1 2 3 4 5 6 7 8],2226,367,127,285.58,2008-02-25,18:57:34
756,204,142,[1 2 3 4 5 6],3423,147,204,1032.84,2008-02-25,18:57:34
757,382,142,[1 2 3 4],2000,168,236,29.09,2008-02-25,18:57:34
758,360,142,[1 2 3 4 5 6 7],3699,318,148,17.18,2008-02-25,18:57:34
759,141,142,[1 2 3 4],3160,342,23,29.56,2008-02-25,18:57:34
760,148,143,[1 2 3 4 5 6 7 8],3408,321,230,152.73,2008-02-25,18:57:34
761,167,143,[ 1  2  3  4  5  6  7  8  9 10],3177,192,217,39.56,2008-02-25,18:57:34
762,266,143,[1],247,476,178,107.5,2008-02-25,18:57:34
763,448,143,[1 2 3 4 5 6 7 8],725,137,146,15.41,2008-02-25,18:57:34
764,5,143,[1 2 3 4 5 6],3731,412,90,21.51,2008-02-25,18:57:34
765,246,143,[1 2 3 4],853,6,106,251.32,2008-02-25,18:57:34
766,17,143,[1 2 3 4 5 6 7],222,166,175,20.83,2008-02-25,18:57:34
767,456,143,[1 2 3 4],3071,204,46,9.59,2008-02-25,18:57:34
768,55,144,[1 2 3 4 5 6 7 8],1537,233,238,41.22,2008-02-25,18:57:34
769,87,144,[ 1  2  3  4  5  6  7  8  9 10],3601,82,127,7.73,2008-02-25,18:57:34
770,383,144,[1],533,368,126,305.32,2008-02-25,18:57:34
771,258,144,[1 2 3 4 5 6 7 8],1045,306,3,123.49,2008-02-25,18:57:34
772,118,144,[1 2 3 4 5 6],1515,252,39,36.63,2008-02-25,18:57:34
773,293,144,[1 2 3 4],560,7,148,2038.26,2008-02-25,18:57:34
774,14,144,[1 2 3 4 5 6 7],1812,158,114,17.47,2008-02-25,18:57:34
775,199,144,[1 2 3 4],2811,409,164,18.95,2008-02-25,18:57:34
776,216,145,[1 2 3 4 5 6 7 8],594,398,137,35.01,2008-02-25,18:57:34
777,424,145,[ 1  2  3  4  5  6  7  8  9 10],1957,255,162,52.32,2008-02-25,18:57:34
778,298,145,[1],895,273,214,28.25,2008-02-25,18:57:34
779,400,145,[1 2 3 4 5 6 7 8],2694,228,114,7.64,2008-02-25,18:57:34
780,70,145,[1 2 3 4 5 6],1084,348,67,15.11,2008-02-25,18:57:34
781,375,145,[1 2 3 4],2537,8,189,55.88,2008-02-25,18:57:34
782,433,145,[1 2 3 4 5 6 7],2872,228,92,7.3,2008-02-25,18:57:34
783,7,145,[1 2 3 4],1254,361,137,14.44,2008-02-25,18:57:34
784,28,146,[1 2 3 4 5 6 7 8],2370,47,71,736.63,2008-02-25,18:57:34
785,18,146,[ 1  2  3  4  5  6  7  8  9 10],2751,10,156,26.73,2008-02-25,18:57:34
786,499,146,[1],1328,443,118,23.34,2008-02-25,18:57:34
787,287,146,[1 2 3 4 5 6 7 8],1808,326,244,23.53,2008-02-25,18:57:34
788,164,146,[1 2 3 4 5 6],1567,228,233,26.17,2008-02-25,18:57:34
789,46,146,[1 2 3 4],1948,13,121,18.41,2008-02-25,18:57:34
790,172,146,[1 2 3 4 5 6 7],3054,128,126,8.57,2008-02-25,18:57:34
791,21,146,[1 2 3 4],1472,349,62,7.69,2008-02-25,18:57:34
792,492,147,[1 2 3 4 5 6 7 8],1827,14,118,8.54,2008-02-25,18:57:34
793,228,147,[ 1  2  3  4  5  6  7  8  9 10],2952,158,141,56.93,2008-02-25,18:57:34
794,46,147,[1],685,177,241,200.11,2008-02-25,18:57:34
795,199,147,[1 2 3 4 5 6 7 8],2159,363,137,215.3,2008-02-25,18:57:34
796,314,147,[1 2 3 4 5 6],1205,124,142,14.56,2008-02-25,18:57:34
797,95,147,[1 2 3 4],2110,238,201,133.64,2008-02-25,18:57:34
798,18,147,[1 2 3 4 5 6 7],1919,409,175,12.58,2008-02-25,18:57:34
799,275,147,[1 2 3 4],2373,415,103,832.27,2008-02-25,18:57:34
800,320,148,[1 2 3 4 5 6],913,67,141,12.12,2021-01-03,14:37:56
801,249,148,[1 2],2638,356,45,14.15,2021-01-03,14:37:56
802,52,148,[ 1  2  3  4  5  6  7  8  9 10 11 12],3399,496,24,43.73,2021-01-03,14:37:56
803,373,148,[1 2 3 4 5 6],1616,474,91,18.09,2021-01-03,14:37:56
804,133,148,[1 2],1167,238,209,1043.15,2021-01-03,14:37:56
805,221,148,[1 2 3 4 5 6 7 8 9],154,460,108,8.77,2021-01-03,14:37:56
806,462,148,[1],675,175,121,1165.05,2021-01-03,14:37:56
807,437,149,[1 2 3 4 5 6],840,165,1,10.66,2021-01-03,14:37:56
808,170,149,[1 2],841,414,1,405.54,2021-01-03,14:37:56
809,189,149,[ 1  2  3  4  5  6  7  8  9 10 11 12],2293,399,78,179.11,2021-01-03,14:37:56
810,499,149,[1 2 3 4 5 6],845,429,40,18.9,2021-01-03,14:37:56
811,59,149,[1 2],1478,304,162,9.43,2021-01-03,14:37:56
812,99,149,[1 2 3 4 5 6 7 8 9],3649,402,10,82.08,2021-01-03,14:37:56
813,225,149,[1],2694,96,30,7.21,2021-01-03,14:37:56
814,218,150,[1 2 3 4 5 6],724,324,1,25.83,2021-01-03,14:37:56
815,399,150,[1 2],2085,499,214,22.42,2021-01-03,14:37:56
816,31,150,[ 1  2  3  4  5  6  7  8  9 10 11 12],1076,2,37,26.25,2021-01-03,14:37:56
817,239,150,[1 2 3 4 5 6],981,170,148,116.57,2021-01-03,14:37:56
818,340,150,[1 2],1165,420,45,33.71,2021-01-03,14:37:56
819,490,150,[1 2 3 4 5 6 7 8 9],342,304,249,13.27,2021-01-03,14:37:56
820,397,150,[1],2777,184,69,121.33,2021-01-03,14:37:56
821,487,151,[1 2 3 4 5 6],3795,251,136,18.43,2021-01-03,14:37:56
822,283,151,[1 2],3026,263,131,14.22,2021-01-03,14:37:56
823,401,151,[ 1  2  3  4  5  6  7  8  9 10 11 12],119,172,63,10.64,2021-01-03,14:37:56
824,338,151,[1 2 3 4 5 6],2012,291,89,21.17,2021-01-03,14:37:56
825,158,151,[1 2],1660,192,216,9.91,2021-01-03,14:37:56
826,101,151,[1 2 3 4 5 6 7 8 9],1957,255,67,52.32,2021-01-03,14:37:56
827,218,151,[1],965,35,45,21.06,2021-01-03,14:37:56
828,6,152,[1 2 3 4 5 6],3072,104,63,17.86,2021-01-03,14:37:56
829,447,152,[1 2],3807,29,48,15.28,2021-01-03,14:37:56
830,449,152,[ 1  2  3  4  5  6  7  8  9 10 11 12],931,14,64,6.96,2021-01-03,14:37:56
831,307,152,[1 2 3 4 5 6],2756,87,166,17.66,2021-01-03,14:37:56
832,356,152,[1 2],1613,243,191,19.37,2021-01-03,14:37:56
833,114,152,[1 2 3 4 5 6 7 8 9],3342,124,215,39.94,2021-01-03,14:37:56
834,476,152,[1],2289,409,176,620.76,2021-01-03,14:37:56
835,257,153,[1 2 3 4 5 6],2985,92,18,621.18,2021-01-03,14:37:56
836,331,153,[1 2],1934,195,25,9.99,2021-01-03,14:37:56
837,225,153,[ 1  2  3  4  5  6  7  8  9 10 11 12],1917,5,118,11.71,2021-01-03,14:37:56
838,368,153,[1 2 3 4 5 6],259,449,110,12.86,2021-01-03,14:37:56
839,476,153,[1 2],840,165,70,10.66,2021-01-03,14:37:56
840,31,153,[1 2 3 4 5 6 7 8 9],3058,287,103,47.48,2021-01-03,14:37:56
841,251,153,[1],138,96,67,10.84,2021-01-03,14:37:56
842,99,154,[1 2 3 4 5 6],1001,278,229,32.21,2021-01-03,14:37:56
843,31,154,[1 2],2157,12,24,179.98,2021-01-03,14:37:56
844,408,154,[ 1  2  3  4  5  6  7  8  9 10 11 12],1152,313,154,513.24,2021-01-03,14:37:56
845,261,154,[1 2 3 4 5 6],562,102,198,1958.62,2021-01-03,14:37:56
846,56,154,[1 2],2147,149,243,675.45,2021-01-03,14:37:56
847,181,154,[1 2 3 4 5 6 7 8 9],414,67,140,4.1,2021-01-03,14:37:56
848,329,154,[1],1361,250,85,65.73,2021-01-03,14:37:56
849,154,155,[ 1  2  3  4  5  6  7  8  9 10 11],2858,429,216,1215.12,2007-05-29,09:54:41
850,2,155,[1 2 3 4 5],2543,283,48,107.86,2007-05-29,09:54:41
851,392,155,[1 2 3 4 5 6 7 8],3040,483,82,17.95,2007-05-29,09:54:41
852,393,155,[ 1  2  3  4  5  6  7  8  9 10 11],2589,204,175,12.44,2007-05-29,09:54:41
853,276,155,[1 2 3 4 5],1883,345,106,8.9,2007-05-29,09:54:41
854,242,155,[1 2 3 4 5 6 7 8 9],1040,160,20,42.71,2007-05-29,09:54:41
855,162,156,[ 1  2  3  4  5  6  7  8  9 10 11],2844,320,146,25.93,2007-05-29,09:54:41
856,41,156,[1 2 3 4 5],2107,438,196,650.28,2007-05-29,09:54:41
857,114,156,[1 2 3 4 5 6 7 8],725,478,89,15.16,2007-05-29,09:54:41
858,24,156,[ 1  2  3  4  5  6  7  8  9 10 11],440,244,133,16.56,2007-05-29,09:54:41
859,79,156,[1 2 3 4 5],506,174,231,24.19,2007-05-29,09:54:41
860,364,156,[1 2 3 4 5 6 7 8 9],3761,13,248,44.32,2007-05-29,09:54:41
861,358,157,[ 1  2  3  4  5  6  7  8  9 10 11],1585,206,233,13.75,2007-05-29,09:54:41
862,62,157,[1 2 3 4 5],3683,165,49,219.61,2007-05-29,09:54:41
863,130,157,[1 2 3 4 5 6 7 8],1118,174,126,1004.23,2007-05-29,09:54:41
864,431,157,[ 1  2  3  4  5  6  7  8  9 10 11],45,432,78,6.97,2007-05-29,09:54:41
865,48,157,[1 2 3 4 5],2622,495,4,75.71,2007-05-29,09:54:41
866,118,157,[1 2 3 4 5 6 7 8 9],709,171,80,26.85,2007-05-29,09:54:41
867,427,158,[ 1  2  3  4  5  6  7  8  9 10 11],2965,300,101,15.2,2007-05-29,09:54:41
868,189,158,[1 2 3 4 5],1692,288,31,12.64,2007-05-29,09:54:41
869,184,158,[1 2 3 4 5 6 7 8],606,493,53,1712.69,2007-05-29,09:54:41
870,489,158,[ 1  2  3  4  5  6  7  8  9 10 11],2728,433,121,230.82,2007-05-29,09:54:41
871,256,158,[1 2 3 4 5],1395,425,146,13.28,2007-05-29,09:54:41
872,4,158,[1 2 3 4 5 6 7 8 9],3295,27,140,24.57,2007-05-29,09:54:41
873,36,159,[ 1  2  3  4  5  6  7  8  9 10 11],228,128,34,1995.04,2007-05-29,09:54:41
874,474,159,[1 2 3 4 5],1146,63,147,141.72,2007-05-29,09:54:41
875,181,159,[1 2 3 4 5 6 7 8],468,232,16,56.28,2007-05-29,09:54:41
876,30,159,[ 1  2  3  4  5  6  7  8  9 10 11],1764,25,79,9.9,2007-05-29,09:54:41
877,457,159,[1 2 3 4 5],3453,378,180,91.83,2007-05-29,09:54:41
878,496,159,[1 2 3 4 5 6 7 8 9],2238,193,6,988.62,2007-05-29,09:54:41
879,367,160,[ 1  2  3  4  5  6  7  8  9 10 11],821,211,230,53.92,2007-05-29,09:54:41
880,367,160,[1 2 3 4 5],615,61,144,6.68,2007-05-29,09:54:41
881,88,160,[1 2 3 4 5 6 7 8],1889,148,211,10.81,2007-05-29,09:54:41
882,6,160,[ 1  2  3  4  5  6  7  8  9 10 11],2197,272,38,183.8,2007-05-29,09:54:41
883,435,160,[1 2 3 4 5],1068,223,22,38.85,2007-05-29,09:54:41
884,38,160,[1 2 3 4 5 6 7 8 9],1907,283,45,13.54,2007-05-29,09:54:41
885,82,161,[ 1  2  3  4  5  6  7  8  9 10],3653,66,109,21.36,2009-01-07,00:37:11
886,199,161,[ 1  2  3  4  5  6  7  8  9 10 11],2918,233,151,200.3,2009-01-07,00:37:11
887,432,161,[ 1  2  3  4  5  6  7  8  9 10],784,443,221,10.52,2009-01-07,00:37:11
888,131,161,[ 1  2  3  4  5  6  7  8  9 10],420,124,242,5.91,2009-01-07,00:37:11
889,450,161,[ 1  2  3  4  5  6  7  8  9 10 11 12],3042,244,67,14.8,2009-01-07,00:37:11
890,455,161,[1 2 3 4 5 6 7 8],2727,379,223,37.44,2009-01-07,00:37:11
891,438,162,[ 1  2  3  4  5  6  7  8  9 10],3137,57,95,24.05,2009-01-07,00:37:11
892,99,162,[ 1  2  3  4  5  6  7  8  9 10 11],287,297,131,1309.45,2009-01-07,00:37:11
893,237,162,[ 1  2  3  4  5  6  7  8  9 10],3280,286,100,159.36,2009-01-07,00:37:11
894,3,162,[ 1  2  3  4  5  6  7  8  9 10],82,44,231,10.94,2009-01-07,00:37:11
895,338,162,[ 1  2  3  4  5  6  7  8  9 10 11 12],443,147,152,16.78,2009-01-07,00:37:11
896,456,162,[1 2 3 4 5 6 7 8],3379,136,80,10.1,2009-01-07,00:37:11
897,238,163,[ 1  2  3  4  5  6  7  8  9 10],1965,122,238,20.53,2009-01-07,00:37:11
898,331,163,[ 1  2  3  4  5  6  7  8  9 10 11],3285,114,69,191.18,2009-01-07,00:37:11
899,234,163,[ 1  2  3  4  5  6  7  8  9 10],316,229,156,8.55,2009-01-07,00:37:11
900,144,163,[ 1  2  3  4  5  6  7  8  9 10],3654,407,15,50.41,2009-01-07,00:37:11
901,410,163,[ 1  2  3  4  5  6  7  8  9 10 11 12],1841,162,130,12.74,2009-01-07,00:37:11
902,225,163,[1 2 3 4 5 6 7 8],18,13,163,15.31,2009-01-07,00:37:11
903,101,164,[ 1  2  3  4  5  6  7  8  9 10],3261,204,160,29.63,2009-01-07,00:37:11
904,422,164,[ 1  2  3  4  5  6  7  8  9 10 11],2188,244,15,53.17,2009-01-07,00:37:11
905,35,164,[ 1  2  3  4  5  6  7  8  9 10],3527,121,191,15.81,2009-01-07,00:37:11
906,92,164,[ 1  2  3  4  5  6  7  8  9 10],1006,449,221,29.44,2009-01-07,00:37:11
907,294,164,[ 1  2  3  4  5  6  7  8  9 10 11 12],815,377,197,21.31,2009-01-07,00:37:11
908,361,164,[1 2 3 4 5 6 7 8],2470,373,98,167.29,2009-01-07,00:37:11
909,92,165,[ 1  2  3  4  5  6  7  8  9 10],403,120,189,12.02,2009-01-07,00:37:11
910,349,165,[ 1  2  3  4  5  6  7  8  9 10 11],2760,242,98,544.85,2009-01-07,00:37:11
911,16,165,[ 1  2  3  4  5  6  7  8  9 10],1290,411,10,8.07,2009-01-07,00:37:11
912,210,165,[ 1  2  3  4  5  6  7  8  9 10],2659,163,197,23.44,2009-01-07,00:37:11
913,266,165,[ 1  2  3  4  5  6  7  8  9 10 11 12],2887,113,59,17.41,2009-01-07,00:37:11
914,167,165,[1 2 3 4 5 6 7 8],1376,324,81,12.99,2009-01-07,00:37:11
915,163,166,[ 1  2  3  4  5  6  7  8  9 10],1633,136,221,12.71,2009-01-07,00:37:11
916,111,166,[ 1  2  3  4  5  6  7  8  9 10 11],1634,14,126,8.0,2009-01-07,00:37:11
917,499,166,[ 1  2  3  4  5  6  7  8  9 10],375,251,123,11.72,2009-01-07,00:37:11
918,203,166,[ 1  2  3  4  5  6  7  8  9 10],2050,133,196,20.27,2009-01-07,00:37:11
919,158,166,[ 1  2  3  4  5  6  7  8  9 10 11 12],3298,101,142,52.77,2009-01-07,00:37:11
920,349,166,[1 2 3 4 5 6 7 8],1501,73,40,28.89,2009-01-07,00:37:11
921,91,167,[1 2 3 4 5 6 7 8],2723,169,34,31.01,2002-04-27,13:11:57
922,483,167,[1 2],3241,382,69,26.94,2002-04-27,13:11:57
923,246,167,[1 2],2707,90,219,32.34,2002-04-27,13:11:57
924,395,167,[1 2],2711,433,82,28.1,2002-04-27,13:11:57
925,38,167,[1 2 3 4 5 6 7 8 9],940,494,161,7.66,2002-04-27,13:11:57
926,179,167,[1 2 3 4 5 6 7],117,231,1,8.38,2002-04-27,13:11:57
927,418,167,[1 2 3 4 5 6 7 8 9],1296,386,195,9.3,2002-04-27,13:11:57
928,402,168,[1 2 3 4 5 6 7 8],3118,38,228,249.51,2002-04-27,13:11:57
929,212,168,[1 2],1751,357,196,72.98,2002-04-27,13:11:57
930,321,168,[1 2],1381,66,104,9.7,2002-04-27,13:11:57
931,256,168,[1 2],3466,77,33,17.03,2002-04-27,13:11:57
932,477,168,[1 2 3 4 5 6 7 8 9],2507,103,194,122.67,2002-04-27,13:11:57
933,320,168,[1 2 3 4 5 6 7],1008,293,66,474.74,2002-04-27,13:11:57
934,151,168,[1 2 3 4 5 6 7 8 9],3674,88,96,19.6,2002-04-27,13:11:57
935,453,169,[1 2 3 4 5 6 7 8],1005,356,132,8.6,2002-04-27,13:11:57
936,206,169,[1 2],2756,458,177,22.95,2002-04-27,13:11:57
937,353,169,[1 2],365,332,125,21.72,2002-04-27,13:11:57
938,191,169,[1 2],939,302,39,66.63,2002-04-27,13:11:57
939,454,169,[1 2 3 4 5 6 7 8 9],2915,357,4,8.33,2002-04-27,13:11:57
940,387,169,[1 2 3 4 5 6 7],2050,280,32,22.82,2002-04-27,13:11:57
941,480,169,[1 2 3 4 5 6 7 8 9],3451,332,216,18.51,2002-04-27,13:11:57
942,122,170,[1 2 3 4 5 6 7 8],3412,364,159,8.76,2002-04-27,13:11:57
943,393,170,[1 2],1202,278,184,9.31,2002-04-27,13:11:57
944,35,170,[1 2],3778,345,238,17.03,2002-04-27,13:11:57
945,402,170,[1 2],1975,105,92,18.26,2002-04-27,13:11:57
946,383,170,[1 2 3 4 5 6 7 8 9],3287,359,136,21.64,2002-04-27,13:11:57
947,310,170,[1 2 3 4 5 6 7],1675,322,36,5.91,2002-04-27,13:11:57
948,252,170,[1 2 3 4 5 6 7 8 9],2859,391,211,554.95,2002-04-27,13:11:57
949,424,171,[1 2 3 4 5 6 7 8],2918,233,200,200.3,2002-04-27,13:11:57
950,43,171,[1 2],1406,185,244,28.44,2002-04-27,13:11:57
951,128,171,[1 2],3094,28,32,28.14,2002-04-27,13:11:57
952,264,171,[1 2],2534,499,228,16.14,2002-04-27,13:11:57
953,497,171,[1 2 3 4 5 6 7 8 9],2980,240,155,14.23,2002-04-27,13:11:57
954,394,171,[1 2 3 4 5 6 7],2836,152,100,192.22,2002-04-27,13:11:57
955,346,171,[1 2 3 4 5 6 7 8 9],246,264,120,5.09,2002-04-27,13:11:57
956,343,172,[1 2 3 4 5 6 7 8],2637,35,118,11.44,2002-04-27,13:11:57
957,231,172,[1 2],1690,142,113,16.04,2002-04-27,13:11:57
958,425,172,[1 2],3718,52,117,105.18,2002-04-27,13:11:57
959,167,172,[1 2],1501,73,129,28.89,2002-04-27,13:11:57
960,214,172,[1 2 3 4 5 6 7 8 9],331,184,16,10.99,2002-04-27,13:11:57
961,20,172,[1 2 3 4 5 6 7],2040,190,37,20.57,2002-04-27,13:11:57
962,1,172,[1 2 3 4 5 6 7 8 9],1617,69,143,28.89,2002-04-27,13:11:57
963,461,173,[1 2 3 4 5 6 7 8],1660,192,201,9.91,2002-04-27,13:11:57
964,223,173,[1 2],3075,377,94,45.09,2002-04-27,13:11:57
965,304,173,[1 2],3143,86,68,158.22,2002-04-27,13:11:57
966,204,173,[1 2],2186,334,54,77.25,2002-04-27,13:11:57
967,317,173,[1 2 3 4 5 6 7 8 9],3296,48,25,247.76,2002-04-27,13:11:57
968,455,173,[1 2 3 4 5 6 7],3287,472,48,22.1,2002-04-27,13:11:57
969,267,173,[1 2 3 4 5 6 7 8 9],2578,192,51,21.24,2002-04-27,13:11:57
970,381,174,[1 2 3],1217,394,220,12.8,2022-05-09,07:31:32
971,259,174,[1 2 3 4 5],2302,60,238,72.24,2022-05-09,07:31:32
972,324,175,[1 2 3],239,69,113,24.33,2022-05-09,07:31:32
973,186,175,[1 2 3 4 5],1632,111,67,15.41,2022-05-09,07:31:32
974,398,176,[ 1  2  3  4  5  6  7  8  9 10 11 12],1237,2,219,18.04,2013-06-22,05:18:18
975,218,176,[1 2 3 4 5 6],638,330,30,30.56,2013-06-22,05:18:18
976,143,176,[1 2 3 4 5 6 7],2664,175,230,76.79,2013-06-22,05:18:18
977,394,176,[1 2 3 4],1713,197,71,13.99,2013-06-22,05:18:18
978,79,176,[ 1  2  3  4  5  6  7  8  9 10 11 12],1157,184,88,321.9,2013-06-22,05:18:18
979,337,176,[1 2 3 4 5 6 7],2654,461,93,14.78,2013-06-22,05:18:18
980,364,176,[ 1  2  3  4  5  6  7  8  9 10],532,265,18,14.22,2013-06-22,05:18:18
981,264,176,[1 2],2588,318,151,18.35,2013-06-22,05:18:18
982,430,177,[ 1  2  3  4  5  6  7  8  9 10 11 12],3215,343,85,15.23,2013-06-22,05:18:18
983,166,177,[1 2 3 4 5 6],2836,249,110,188.11,2013-06-22,05:18:18
984,289,177,[1 2 3 4 5 6 7],1220,124,156,996.54,2013-06-22,05:18:18
985,286,177,[1 2 3 4],3580,401,180,59.54,2013-06-22,05:18:18
986,406,177,[ 1  2  3  4  5  6  7  8  9 10 11 12],3225,101,83,25.83,2013-06-22,05:18:18
987,99,177,[1 2 3 4 5 6 7],1900,131,199,5.49,2013-06-22,05:18:18
988,327,177,[ 1  2  3  4  5  6  7  8  9 10],1362,133,143,16.42,2013-06-22,05:18:18
989,68,177,[1 2],2482,365,168,9.03,2013-06-22,05:18:18
990,229,178,[ 1  2  3  4  5  6  7  8  9 10 11 12],1041,406,27,15.87,2013-06-22,05:18:18
991,439,178,[1 2 3 4 5 6],1383,91,164,10.4,2013-06-22,05:18:18
992,21,178,[1 2 3 4 5 6 7],3203,345,160,21.55,2013-06-22,05:18:18
993,121,178,[1 2 3 4],516,70,239,105.6,2013-06-22,05:18:18
994,95,178,[ 1  2  3  4  5  6  7  8  9 10 11 12],1917,232,34,9.96,2013-06-22,05:18:18
995,107,178,[1 2 3 4 5 6 7],361,317,141,53.44,2013-06-22,05:18:18
996,429,178,[ 1  2  3  4  5  6  7  8  9 10],460,133,33,61.81,2013-06-22,05:18:18
997,130,178,[1 2],1252,416,31,36.25,2013-06-22,05:18:18
998,401,179,[ 1  2  3  4  5  6  7  8  9 10 11 12],297,366,210,12.0,2013-06-22,05:18:18
999,205,179,[1 2 3 4 5 6],3097,41,45,11.39,2013-06-22,05:18:18
1000,52,179,[1 2 3 4 5 6 7],2618,465,211,223.5,2013-06-22,05:18:18
1001,264,179,[1 2 3 4],1354,213,123,134.44,2013-06-22,05:18:18
1002,428,179,[ 1  2  3  4  5  6  7  8  9 10 11 12],1138,423,159,34.53,2013-06-22,05:18:18
1003,232,179,[1 2 3 4 5 6 7],5,358,88,40.06,2013-06-22,05:18:18
1004,148,179,[ 1  2  3  4  5  6  7  8  9 10],3742,121,221,33.09,2013-06-22,05:18:18
1005,490,179,[1 2],904,108,125,15.1,2013-06-22,05:18:18
1006,231,180,[ 1  2  3  4  5  6  7  8  9 10 11 12],3355,226,38,17.88,2013-06-22,05:18:18
1007,106,180,[1 2 3 4 5 6],1486,250,28,106.24,2013-06-22,05:18:18
1008,134,180,[1 2 3 4 5 6 7],529,468,35,29.3,2013-06-22,05:18:18
1009,324,180,[1 2 3 4],338,89,173,13.42,2013-06-22,05:18:18
1010,149,180,[ 1  2  3  4  5  6  7  8  9 10 11 12],3686,53,167,17.17,2013-06-22,05:18:18
1011,206,180,[1 2 3 4 5 6 7],1964,336,164,27.8,2013-06-22,05:18:18
1012,295,180,[ 1  2  3  4  5  6  7  8  9 10],3419,431,19,523.01,2013-06-22,05:18:18
1013,20,180,[1 2],711,128,28,9.07,2013-06-22,05:18:18
1014,3,181,[ 1  2  3  4  5  6  7  8  9 10 11 12],1583,160,16,13.31,2013-06-22,05:18:18
1015,301,181,[1 2 3 4 5 6],2455,55,142,11.42,2013-06-22,05:18:18
1016,138,181,[1 2 3 4 5 6 7],1099,458,114,19.73,2013-06-22,05:18:18
1017,246,181,[1 2 3 4],210,70,122,881.55,2013-06-22,05:18:18
1018,264,181,[ 1  2  3  4  5  6  7  8  9 10 11 12],2612,176,169,28.51,2013-06-22,05:18:18
1019,120,181,[1 2 3 4 5 6 7],3268,407,23,200.72,2013-06-22,05:18:18
1020,153,181,[ 1  2  3  4  5  6  7  8  9 10],741,341,122,14.21,2013-06-22,05:18:18
1021,74,181,[1 2],3633,442,245,86.19,2013-06-22,05:18:18
1022,388,182,[ 1  2  3  4  5  6  7  8  9 10 11 12],3574,143,129,189.22,2013-06-22,05:18:18
1023,439,182,[1 2 3 4 5 6],505,455,106,14.39,2013-06-22,05:18:18
1024,95,182,[1 2 3 4 5 6 7],3681,406,107,88.75,2013-06-22,05:18:18
1025,49,182,[1 2 3 4],3255,383,22,88.8,2013-06-22,05:18:18
1026,374,182,[ 1  2  3  4  5  6  7  8  9 10 11 12],1944,190,5,9.51,2013-06-22,05:18:18
1027,387,182,[1 2 3 4 5 6 7],2690,182,178,20.8,2013-06-22,05:18:18
1028,130,182,[ 1  2  3  4  5  6  7  8  9 10],2085,276,74,18.39,2013-06-22,05:18:18
1029,292,182,[1 2],400,447,104,27.18,2013-06-22,05:18:18
1030,180,183,[ 1  2  3  4  5  6  7  8  9 10 11 12],3774,281,48,19.29,2013-06-22,05:18:18
1031,243,183,[1 2 3 4 5 6],3557,470,190,40.65,2013-06-22,05:18:18
1032,341,183,[1 2 3 4 5 6 7],1623,472,63,8.66,2013-06-22,05:18:18
1033,137,183,[1 2 3 4],382,31,42,62.21,2013-06-22,05:18:18
1034,268,183,[ 1  2  3  4  5  6  7  8  9 10 11 12],785,113,7,93.42,2013-06-22,05:18:18
1035,194,183,[1 2 3 4 5 6 7],3751,110,25,31.94,2013-06-22,05:18:18
1036,373,183,[ 1  2  3  4  5  6  7  8  9 10],3115,1,44,167.82,2013-06-22,05:18:18
1037,256,183,[1 2],2242,427,96,128.46,2013-06-22,05:18:18
1038,373,184,[1 2],2272,324,194,404.91,2016-12-11,00:15:53
1039,218,184,[ 1  2  3  4  5  6  7  8  9 10],1635,278,152,13.47,2016-12-11,00:15:53
1040,225,185,[1 2],2981,178,72,25.02,2016-12-11,00:15:53
1041,472,185,[ 1  2  3  4  5  6  7  8  9 10],1387,442,113,42.12,2016-12-11,00:15:53
1042,474,186,[1 2 3],3240,225,48,19.69,2011-07-19,11:39:07
1043,176,186,[ 1  2  3  4  5  6  7  8  9 10 11],3721,221,215,35.88,2011-07-19,11:39:07
1044,162,186,[1 2 3 4 5 6 7],2688,445,114,151.18,2011-07-19,11:39:07
1045,438,186,[1 2 3 4 5 6 7],2042,106,143,12.84,2011-07-19,11:39:07
1046,103,186,[1 2 3 4 5 6],3531,89,242,94.15,2011-07-19,11:39:07
1047,5,187,[1 2 3],1043,51,227,116.8,2011-07-19,11:39:07
1048,86,187,[ 1  2  3  4  5  6  7  8  9 10 11],1852,497,66,26.81,2011-07-19,11:39:07
1049,38,187,[1 2 3 4 5 6 7],3484,149,144,40.02,2011-07-19,11:39:07
1050,431,187,[1 2 3 4 5 6 7],2740,473,19,9.5,2011-07-19,11:39:07
1051,364,187,[1 2 3 4 5 6],2028,450,80,10.47,2011-07-19,11:39:07
1052,31,188,[1 2 3],2240,414,187,107.35,2011-07-19,11:39:07
1053,323,188,[ 1  2  3  4  5  6  7  8  9 10 11],926,115,46,30.53,2011-07-19,11:39:07
1054,72,188,[1 2 3 4 5 6 7],2181,315,38,587.83,2011-07-19,11:39:07
1055,104,188,[1 2 3 4 5 6 7],2947,418,10,27.09,2011-07-19,11:39:07
1056,92,188,[1 2 3 4 5 6],3476,252,123,19.65,2011-07-19,11:39:07
1057,139,189,[1 2 3],1923,376,234,56.76,2011-07-19,11:39:07
1058,277,189,[ 1  2  3  4  5  6  7  8  9 10 11],760,271,207,19.36,2011-07-19,11:39:07
1059,392,189,[1 2 3 4 5 6 7],349,40,41,2069.45,2011-07-19,11:39:07
1060,326,189,[1 2 3 4 5 6 7],1146,479,59,130.85,2011-07-19,11:39:07
1061,477,189,[1 2 3 4 5 6],765,459,3,81.23,2011-07-19,11:39:07
1062,326,190,[1 2 3],3354,484,57,45.08,2011-07-19,11:39:07
1063,312,190,[ 1  2  3  4  5  6  7  8  9 10 11],2461,286,181,7.35,2011-07-19,11:39:07
1064,113,190,[1 2 3 4 5 6 7],2176,249,13,216.78,2011-07-19,11:39:07
1065,392,190,[1 2 3 4 5 6 7],1480,424,173,20.66,2011-07-19,11:39:07
1066,103,190,[1 2 3 4 5 6],1389,192,220,12.77,2011-07-19,11:39:07
1067,88,191,[ 1  2  3  4  5  6  7  8  9 10],3611,158,238,7.36,2015-03-27,05:44:40
1068,268,191,[1 2 3 4 5 6],2827,358,145,19.25,2015-03-27,05:44:40
1069,442,191,[ 1  2  3  4  5  6  7  8  9 10 11 12],993,453,112,131.1,2015-03-27,05:44:40
1070,433,191,[ 1  2  3  4  5  6  7  8  9 10 11],2566,382,213,15.67,2015-03-27,05:44:40
1071,343,191,[1 2 3 4 5 6 7 8 9],281,166,126,14.28,2015-03-27,05:44:40
1072,57,191,[1 2 3 4],1191,385,158,36.39,2015-03-27,05:44:40
1073,368,191,[1 2 3],3121,13,53,35.18,2015-03-27,05:44:40
1074,480,192,[ 1  2  3  4  5  6  7  8  9 10],3190,426,85,35.22,2015-03-27,05:44:40
1075,5,192,[1 2 3 4 5 6],1026,314,77,13.01,2015-03-27,05:44:40
1076,174,192,[ 1  2  3  4  5  6  7  8  9 10 11 12],3120,45,119,19.85,2015-03-27,05:44:40
1077,180,192,[ 1  2  3  4  5  6  7  8  9 10 11],1122,21,17,2343.87,2015-03-27,05:44:40
1078,248,192,[1 2 3 4 5 6 7 8 9],1349,225,244,20.38,2015-03-27,05:44:40
1079,41,192,[1 2 3 4],2946,55,121,25.15,2015-03-27,05:44:40
1080,186,192,[1 2 3],38,91,169,36.12,2015-03-27,05:44:40
1081,266,193,[ 1  2  3  4  5  6  7  8  9 10],2938,499,167,33.7,2015-03-27,05:44:40
1082,40,193,[1 2 3 4 5 6],2467,472,27,17.64,2015-03-27,05:44:40
1083,180,193,[ 1  2  3  4  5  6  7  8  9 10 11 12],148,78,162,1450.72,2015-03-27,05:44:40
1084,190,193,[ 1  2  3  4  5  6  7  8  9 10 11],3747,256,95,43.75,2015-03-27,05:44:40
1085,220,193,[1 2 3 4 5 6 7 8 9],3425,121,197,564.21,2015-03-27,05:44:40
1086,309,193,[1 2 3 4],2023,194,29,20.62,2015-03-27,05:44:40
1087,187,193,[1 2 3],2281,3,139,193.34,2015-03-27,05:44:40
1088,163,194,[ 1  2  3  4  5  6  7  8  9 10],260,395,158,18.48,2015-03-27,05:44:40
1089,72,194,[1 2 3 4 5 6],609,367,34,55.22,2015-03-27,05:44:40
1090,333,194,[ 1  2  3  4  5  6  7  8  9 10 11 12],2142,127,46,697.77,2015-03-27,05:44:40
1091,357,194,[ 1  2  3  4  5  6  7  8  9 10 11],2895,476,206,18.65,2015-03-27,05:44:40
1092,320,194,[1 2 3 4 5 6 7 8 9],1547,497,17,387.53,2015-03-27,05:44:40
1093,48,194,[1 2 3 4],723,15,72,32.08,2015-03-27,05:44:40
1094,30,194,[1 2 3],3785,380,81,22.61,2015-03-27,05:44:40
1095,372,195,[ 1  2  3  4  5  6  7  8  9 10],3282,267,166,27.44,2015-03-27,05:44:40
1096,146,195,[1 2 3 4 5 6],1913,243,4,31.78,2015-03-27,05:44:40
1097,358,195,[ 1  2  3  4  5  6  7  8  9 10 11 12],2805,212,41,93.84,2015-03-27,05:44:40
1098,25,195,[ 1  2  3  4  5  6  7  8  9 10 11],2582,243,167,537.47,2015-03-27,05:44:40
1099,388,195,[1 2 3 4 5 6 7 8 9],806,212,200,89.2,2015-03-27,05:44:40
1100,375,195,[1 2 3 4],1981,116,52,21.96,2015-03-27,05:44:40
1101,160,195,[1 2 3],2951,31,189,10.53,2015-03-27,05:44:40
1102,475,196,[ 1  2  3  4  5  6  7  8  9 10],2241,215,193,189.29,2015-03-27,05:44:40
1103,289,196,[1 2 3 4 5 6],2902,498,159,18.13,2015-03-27,05:44:40
1104,372,196,[ 1  2  3  4  5  6  7  8  9 10 11 12],3596,366,71,13.3,2015-03-27,05:44:40
1105,391,196,[ 1  2  3  4  5  6  7  8  9 10 11],247,381,67,106.72,2015-03-27,05:44:40
1106,162,196,[1 2 3 4 5 6 7 8 9],2051,292,250,7.57,2015-03-27,05:44:40
1107,79,196,[1 2 3 4],2620,112,241,28.47,2015-03-27,05:44:40
1108,361,196,[1 2 3],330,303,124,15.47,2015-03-27,05:44:40
1109,283,197,[ 1  2  3  4  5  6  7  8  9 10],2535,30,91,33.84,2015-03-27,05:44:40
1110,198,197,[1 2 3 4 5 6],2050,88,43,19.71,2015-03-27,05:44:40
1111,285,197,[ 1  2  3  4  5  6  7  8  9 10 11 12],1449,370,111,800.8,2015-03-27,05:44:40
1112,424,197,[ 1  2  3  4  5  6  7  8  9 10 11],994,109,127,19.77,2015-03-27,05:44:40
1113,217,197,[1 2 3 4 5 6 7 8 9],1659,197,39,34.36,2015-03-27,05:44:40
1114,305,197,[1 2 3 4],547,233,141,22.49,2015-03-27,05:44:40
1115,133,197,[1 2 3],3196,75,1,61.83,2015-03-27,05:44:40
1116,368,198,[1 2 3],1186,86,31,1469.59,2002-09-04,14:14:04
1117,273,198,[1 2 3 4 5 6 7 8],3552,212,35,8.16,2002-09-04,14:14:04
1118,492,198,[ 1  2  3  4  5  6  7  8  9 10 11 12],1839,454,124,21.91,2002-09-04,14:14:04
1119,433,198,[1 2 3 4 5 6],789,256,172,45.46,2002-09-04,14:14:04
1120,189,198,[ 1  2  3  4  5  6  7  8  9 10 11 12],2105,38,233,49.34,2002-09-04,14:14:04
1121,208,198,[1 2 3 4 5 6],1365,409,199,68.69,2002-09-04,14:14:04
1122,366,198,[ 1  2  3  4  5  6  7  8  9 10 11],256,385,234,12.56,2002-09-04,14:14:04
1123,145,199,[1 2 3],1076,284,219,26.65,2002-09-04,14:14:04
1124,451,199,[1 2 3 4 5 6 7 8],1191,239,220,37.65,2002-09-04,14:14:04
1125,6,199,[ 1  2  3  4  5  6  7  8  9 10 11 12],3021,455,110,277.68,2002-09-04,14:14:04
1126,25,199,[1 2 3 4 5 6],2872,390,109,8.83,2002-09-04,14:14:04
1127,321,199,[ 1  2  3  4  5  6  7  8  9 10 11 12],1871,354,80,45.6,2002-09-04,14:14:04
1128,158,199,[1 2 3 4 5 6],771,219,132,24.95,2002-09-04,14:14:04
1129,346,199,[ 1  2  3  4  5  6  7  8  9 10 11],1604,457,206,17.98,2002-09-04,14:14:04
1130,15,200,[1 2 3],1179,5,58,9.88,2002-09-04,14:14:04
1131,77,200,[1 2 3 4 5 6 7 8],1853,166,127,9.23,2002-09-04,14:14:04
1132,306,200,[ 1  2  3  4  5  6  7  8  9 10 11 12],35,314,153,10.67,2002-09-04,14:14:04
1133,381,200,[1 2 3 4 5 6],3176,319,68,69.91,2002-09-04,14:14:04
1134,236,200,[ 1  2  3  4  5  6  7  8  9 10 11 12],2381,254,156,156.12,2002-09-04,14:14:04
1135,251,200,[1 2 3 4 5 6],2909,181,2,188.83,2002-09-04,14:14:04
1136,204,200,[ 1  2  3  4  5  6  7  8  9 10 11],3215,343,167,15.23,2002-09-04,14:14:04
1137,60,201,[1 2 3],2221,250,71,892.92,2002-09-04,14:14:04
1138,335,201,[1 2 3 4 5 6 7 8],1778,258,27,10.88,2002-09-04,14:14:04
1139,490,201,[ 1  2  3  4  5  6  7  8  9 10 11 12],3314,385,22,19.2,2002-09-04,14:14:04
1140,359,201,[1 2 3 4 5 6],2767,222,130,29.87,2002-09-04,14:14:04
1141,114,201,[ 1  2  3  4  5  6  7  8  9 10 11 12],844,142,180,106.74,2002-09-04,14:14:04
1142,425,201,[1 2 3 4 5 6],118,175,19,2077.17,2002-09-04,14:14:04
1143,121,201,[ 1  2  3  4  5  6  7  8  9 10 11],1266,323,31,57.06,2002-09-04,14:14:04
1144,104,202,[1 2 3],1097,320,13,7.78,2002-09-04,14:14:04
1145,168,202,[1 2 3 4 5 6 7 8],1973,424,241,6.4,2002-09-04,14:14:04
1146,410,202,[ 1  2  3  4  5  6  7  8  9 10 11 12],810,431,34,113.81,2002-09-04,14:14:04
1147,464,202,[1 2 3 4 5 6],2446,126,66,11.69,2002-09-04,14:14:04
1148,235,202,[ 1  2  3  4  5  6  7  8  9 10 11 12],810,132,33,113.2,2002-09-04,14:14:04
1149,273,202,[1 2 3 4 5 6],2634,117,63,49.67,2002-09-04,14:14:04
1150,155,202,[ 1  2  3  4  5  6  7  8  9 10 11],2528,340,40,32.05,2002-09-04,14:14:04
1151,483,203,[1 2 3],89,311,121,18.32,2002-09-04,14:14:04
1152,92,203,[1 2 3 4 5 6 7 8],3245,73,132,156.29,2002-09-04,14:14:04
1153,74,203,[ 1  2  3  4  5  6  7  8  9 10 11 12],475,450,173,19.97,2002-09-04,14:14:04
1154,440,203,[1 2 3 4 5 6],74,71,189,16.71,2002-09-04,14:14:04
1155,389,203,[ 1  2  3  4  5  6  7  8  9 10 11 12],603,414,51,1454.05,2002-09-04,14:14:04
1156,461,203,[1 2 3 4 5 6],816,95,108,16.88,2002-09-04,14:14:04
1157,37,203,[ 1  2  3  4  5  6  7  8  9 10 11],1505,330,200,12.41,2002-09-04,14:14:04
1158,197,204,[1 2 3],2872,422,157,7.01,2002-09-04,14:14:04
1159,13,204,[1 2 3 4 5 6 7 8],218,161,188,19.26,2002-09-04,14:14:04
1160,272,204,[ 1  2  3  4  5  6  7  8  9 10 11 12],2599,333,149,20.78,2002-09-04,14:14:04
1161,278,204,[1 2 3 4 5 6],1049,361,188,2136.72,2002-09-04,14:14:04
1162,437,204,[ 1  2  3  4  5  6  7  8  9 10 11 12],175,321,103,18.12,2002-09-04,14:14:04
1163,172,204,[1 2 3 4 5 6],3472,246,63,4.68,2002-09-04,14:14:04
1164,126,204,[ 1  2  3  4  5  6  7  8  9 10 11],3620,309,76,7.73,2002-09-04,14:14:04
1165,87,205,[1 2 3 4 5],3067,272,248,51.48,2002-10-24,19:33:54
1166,31,205,[ 1  2  3  4  5  6  7  8  9 10 11],112,259,111,10.6,2002-10-24,19:33:54
1167,342,205,[1 2 3],1093,344,193,76.89,2002-10-24,19:33:54
1168,287,205,[1 2 3 4 5],2650,350,215,132.35,2002-10-24,19:33:54
1169,169,206,[1 2 3 4 5],3042,79,202,18.08,2002-10-24,19:33:54
1170,483,206,[ 1  2  3  4  5  6  7  8  9 10 11],2171,432,191,676.45,2002-10-24,19:33:54
1171,142,206,[1 2 3],1352,456,208,15.36,2002-10-24,19:33:54
1172,29,206,[1 2 3 4 5],2340,125,1,572.84,2002-10-24,19:33:54
1173,209,207,[1 2 3 4 5],1098,192,142,76.12,2002-10-24,19:33:54
1174,279,207,[ 1  2  3  4  5  6  7  8  9 10 11],1633,287,140,12.26,2002-10-24,19:33:54
1175,144,207,[1 2 3],356,296,37,15.52,2002-10-24,19:33:54
1176,455,207,[1 2 3 4 5],2732,217,100,36.06,2002-10-24,19:33:54
1177,250,208,[1 2 3 4 5],2064,218,233,9.09,2002-10-24,19:33:54
1178,204,208,[ 1  2  3  4  5  6  7  8  9 10 11],1900,274,156,4.4,2002-10-24,19:33:54
1179,78,208,[1 2 3],943,280,243,101.72,2002-10-24,19:33:54
1180,195,208,[1 2 3 4 5],2888,24,57,182.1,2002-10-24,19:33:54
1181,72,209,[ 1  2  3  4  5  6  7  8  9 10],445,477,214,13.43,2012-09-04,09:53:56
1182,109,209,[1 2 3 4 5 6],1252,443,143,36.98,2012-09-04,09:53:56
1183,28,210,[ 1  2  3  4  5  6  7  8  9 10],3240,262,122,16.38,2012-09-04,09:53:56
1184,140,210,[1 2 3 4 5 6],3257,89,188,15.23,2012-09-04,09:53:56
1185,418,211,[1 2 3 4 5 6 7 8 9],1194,109,95,1574.27,2016-03-19,21:03:49
1186,24,211,[1],456,323,244,15.82,2016-03-19,21:03:49
1187,461,211,[1 2],2066,55,153,29.79,2016-03-19,21:03:49
1188,217,211,[ 1  2  3  4  5  6  7  8  9 10 11 12],2630,90,213,191.01,2016-03-19,21:03:49
1189,42,211,[ 1  2  3  4  5  6  7  8  9 10],49,422,195,24.33,2016-03-19,21:03:49
1190,276,211,[1 2 3 4 5 6 7 8 9],2301,398,88,16.35,2016-03-19,21:03:49
1191,194,212,[1 2 3 4 5 6 7 8 9],3227,468,49,6.17,2016-03-19,21:03:49
1192,396,212,[1],3735,266,20,24.99,2016-03-19,21:03:49
1193,303,212,[1 2],3035,460,31,42.09,2016-03-19,21:03:49
1194,250,212,[ 1  2  3  4  5  6  7  8  9 10 11 12],680,351,187,112.21,2016-03-19,21:03:49
1195,167,212,[ 1  2  3  4  5  6  7  8  9 10],437,257,22,28.52,2016-03-19,21:03:49
1196,438,212,[1 2 3 4 5 6 7 8 9],3114,58,54,524.96,2016-03-19,21:03:49
1197,399,213,[1 2 3 4 5 6 7 8 9],3073,12,208,48.02,2016-03-19,21:03:49
1198,241,213,[1],3503,29,119,96.0,2016-03-19,21:03:49
1199,290,213,[1 2],2052,275,229,12.85,2016-03-19,21:03:49
1200,96,213,[ 1  2  3  4  5  6  7  8  9 10 11 12],3423,260,95,1003.77,2016-03-19,21:03:49
1201,446,213,[ 1  2  3  4  5  6  7  8  9 10],3420,120,219,9.19,2016-03-19,21:03:49
1202,477,213,[1 2 3 4 5 6 7 8 9],1004,279,24,19.35,2016-03-19,21:03:49
1203,406,214,[1 2 3 4 5 6 7 8 9],1976,169,182,27.89,2016-03-19,21:03:49
1204,462,214,[1],2720,71,244,18.66,2016-03-19,21:03:49
1205,14,214,[1 2],1136,443,33,67.91,2016-03-19,21:03:49
1206,303,214,[ 1  2  3  4  5  6  7  8  9 10 11 12],434,194,133,13.8,2016-03-19,21:03:49
1207,60,214,[ 1  2  3  4  5  6  7  8  9 10],412,141,60,28.45,2016-03-19,21:03:49
1208,322,214,[1 2 3 4 5 6 7 8 9],2894,124,131,17.71,2016-03-19,21:03:49
1209,219,215,[1 2 3 4 5 6 7 8 9],855,406,241,8.83,2016-03-19,21:03:49
1210,381,215,[1],2286,415,145,102.03,2016-03-19,21:03:49
1211,397,215,[1 2],2679,193,95,32.2,2016-03-19,21:03:49
1212,303,215,[ 1  2  3  4  5  6  7  8  9 10 11 12],3171,339,112,65.78,2016-03-19,21:03:49
1213,55,215,[ 1  2  3  4  5  6  7  8  9 10],2678,27,126,26.41,2016-03-19,21:03:49
1214,11,215,[1 2 3 4 5 6 7 8 9],2982,38,250,35.67,2016-03-19,21:03:49
1215,118,216,[1 2 3 4 5 6 7 8 9],2695,377,210,15.74,2016-03-19,21:03:49
1216,430,216,[1],2038,449,126,31.57,2016-03-19,21:03:49
1217,426,216,[1 2],2594,351,25,132.14,2016-03-19,21:03:49
1218,69,216,[ 1  2  3  4  5  6  7  8  9 10 11 12],1705,188,97,25.99,2016-03-19,21:03:49
1219,467,216,[ 1  2  3  4  5  6  7  8  9 10],2039,93,154,33.51,2016-03-19,21:03:49
1220,423,216,[1 2 3 4 5 6 7 8 9],756,483,79,9.74,2016-03-19,21:03:49
1221,183,217,[ 1  2  3  4  5  6  7  8  9 10 11],253,221,114,62.59,2009-08-10,03:56:21
1222,358,217,[1 2 3 4 5 6 7 8 9],2450,332,248,5.11,2009-08-10,03:56:21
1223,277,217,[ 1  2  3  4  5  6  7  8  9 10],3711,471,100,12.12,2009-08-10,03:56:21
1224,300,217,[1 2 3],3106,116,224,21.35,2009-08-10,03:56:21
1225,468,218,[ 1  2  3  4  5  6  7  8  9 10 11],3816,184,150,6.28,2009-08-10,03:56:21
1226,205,218,[1 2 3 4 5 6 7 8 9],897,236,22,39.69,2009-08-10,03:56:21
1227,173,218,[ 1  2  3  4  5  6  7  8  9 10],2088,364,245,14.9,2009-08-10,03:56:21
1228,225,218,[1 2 3],1390,57,222,19.79,2009-08-10,03:56:21
1229,466,219,[ 1  2  3  4  5  6  7  8  9 10 11],340,380,125,13.72,2009-08-10,03:56:21
1230,85,219,[1 2 3 4 5 6 7 8 9],295,306,232,141.59,2009-08-10,03:56:21
1231,412,219,[ 1  2  3  4  5  6  7  8  9 10],1178,330,191,61.41,2009-08-10,03:56:21
1232,453,219,[1 2 3],671,218,100,9.52,2009-08-10,03:56:21
1233,248,220,[ 1  2  3  4  5  6  7  8  9 10 11],1901,162,231,18.35,2009-08-10,03:56:21
1234,412,220,[1 2 3 4 5 6 7 8 9],3141,130,113,51.58,2009-08-10,03:56:21
1235,327,220,[ 1  2  3  4  5  6  7  8  9 10],335,356,40,7.63,2009-08-10,03:56:21
1236,188,220,[1 2 3],528,239,200,26.76,2009-08-10,03:56:21
1237,125,221,[1 2 3 4 5 6 7 8],2536,340,164,26.96,2021-09-17,01:48:25
1238,87,221,[ 1  2  3  4  5  6  7  8  9 10 11 12],2291,100,112,575.1,2021-09-17,01:48:25
1239,207,221,[1 2],913,239,56,14.16,2021-09-17,01:48:25
1240,250,221,[1 2 3 4 5],702,152,173,14.02,2021-09-17,01:48:25
1241,309,222,[1 2 3 4 5 6 7 8],2323,267,74,1162.7,2021-09-17,01:48:25
1242,178,222,[ 1  2  3  4  5  6  7  8  9 10 11 12],1991,285,179,23.18,2021-09-17,01:48:25
1243,302,222,[1 2],2557,368,233,11.5,2021-09-17,01:48:25
1244,475,222,[1 2 3 4 5],2845,375,99,12.39,2021-09-17,01:48:25
1245,224,223,[1 2 3 4 5 6 7 8],2173,229,108,151.35,2021-09-17,01:48:25
1246,415,223,[ 1  2  3  4  5  6  7  8  9 10 11 12],968,489,87,12.18,2021-09-17,01:48:25
1247,17,223,[1 2],2224,27,77,1196.44,2021-09-17,01:48:25
1248,141,223,[1 2 3 4 5],2747,33,100,19.9,2021-09-17,01:48:25
1249,115,224,[1 2 3 4 5 6 7 8],1078,153,88,35.46,2021-09-17,01:48:25
1250,86,224,[ 1  2  3  4  5  6  7  8  9 10 11 12],379,467,183,42.92,2021-09-17,01:48:25
1251,446,224,[1 2],2749,280,179,122.99,2021-09-17,01:48:25
1252,99,224,[1 2 3 4 5],2439,123,172,32.32,2021-09-17,01:48:25
1253,272,225,[1 2 3 4 5 6],1487,70,3,61.34,2021-02-18,04:47:09
1254,359,225,[1 2 3 4],1242,175,50,36.48,2021-02-18,04:47:09
1255,49,225,[1 2 3 4 5 6 7 8 9],1259,481,226,9.57,2021-02-18,04:47:09
1256,253,225,[1],1503,7,117,134.67,2021-02-18,04:47:09
1257,159,226,[1 2 3 4 5 6],1707,151,227,11.53,2021-02-18,04:47:09
1258,49,226,[1 2 3 4],3,329,249,495.91,2021-02-18,04:47:09
1259,463,226,[1 2 3 4 5 6 7 8 9],2594,334,229,131.17,2021-02-18,04:47:09
1260,262,226,[1],2070,184,12,99.64,2021-02-18,04:47:09
1261,179,227,[1 2 3 4 5 6],2041,145,172,11.91,2021-02-18,04:47:09
1262,439,227,[1 2 3 4],522,150,189,93.71,2021-02-18,04:47:09
1263,163,227,[1 2 3 4 5 6 7 8 9],1707,142,112,9.0,2021-02-18,04:47:09
1264,296,227,[1],1659,459,137,36.34,2021-02-18,04:47:09
1265,356,228,[1 2 3 4 5 6],2200,225,207,317.99,2021-02-18,04:47:09
1266,371,228,[1 2 3 4],2285,232,189,227.51,2021-02-18,04:47:09
1267,430,228,[1 2 3 4 5 6 7 8 9],213,445,243,12.59,2021-02-18,04:47:09
1268,423,228,[1],1273,490,223,73.28,2021-02-18,04:47:09
1269,200,229,[ 1  2  3  4  5  6  7  8  9 10 11 12],1328,356,196,19.69,2012-02-23,06:04:12
1270,47,229,[ 1  2  3  4  5  6  7  8  9 10],369,358,189,20.73,2012-02-23,06:04:12
1271,113,229,[1 2 3],2686,205,101,54.94,2012-02-23,06:04:12
1272,444,229,[1 2 3 4 5 6 7 8],2080,325,17,48.83,2012-02-23,06:04:12
1273,213,229,[1 2 3 4],1027,397,212,42.27,2012-02-23,06:04:12
1274,453,229,[ 1  2  3  4  5  6  7  8  9 10 11 12],2094,441,217,50.15,2012-02-23,06:04:12
1275,306,230,[ 1  2  3  4  5  6  7  8  9 10 11 12],1185,369,125,86.72,2012-02-23,06:04:12
1276,199,230,[ 1  2  3  4  5  6  7  8  9 10],2644,232,214,30.15,2012-02-23,06:04:12
1277,496,230,[1 2 3],2616,50,31,19.32,2012-02-23,06:04:12
1278,227,230,[1 2 3 4 5 6 7 8],2418,110,137,38.16,2012-02-23,06:04:12
1279,346,230,[1 2 3 4],118,487,77,2224.11,2012-02-23,06:04:12
1280,214,230,[ 1  2  3  4  5  6  7  8  9 10 11 12],3537,414,71,47.07,2012-02-23,06:04:12
1281,157,231,[ 1  2  3  4  5  6  7  8  9 10 11 12],3303,186,34,12.58,2012-02-23,06:04:12
1282,301,231,[ 1  2  3  4  5  6  7  8  9 10],473,350,21,19.92,2012-02-23,06:04:12
1283,87,231,[1 2 3],630,206,86,8.12,2012-02-23,06:04:12
1284,147,231,[1 2 3 4 5 6 7 8],3463,345,124,17.85,2012-02-23,06:04:12
1285,42,231,[1 2 3 4],485,210,4,57.15,2012-02-23,06:04:12
1286,150,231,[ 1  2  3  4  5  6  7  8  9 10 11 12],1599,287,65,15.05,2012-02-23,06:04:12
1287,16,232,[ 1  2  3  4  5  6  7  8  9 10 11 12],18,204,36,13.28,2012-02-23,06:04:12
1288,473,232,[ 1  2  3  4  5  6  7  8  9 10],3341,366,85,183.36,2012-02-23,06:04:12
1289,92,232,[1 2 3],1856,65,189,17.89,2012-02-23,06:04:12
1290,467,232,[1 2 3 4 5 6 7 8],3295,420,69,30.19,2012-02-23,06:04:12
1291,190,232,[1 2 3 4],402,423,92,934.71,2012-02-23,06:04:12
1292,397,232,[ 1  2  3  4  5  6  7  8  9 10 11 12],2306,242,39,872.5,2012-02-23,06:04:12
1293,417,233,[ 1  2  3  4  5  6  7  8  9 10 11 12],3026,120,24,16.77,2012-02-23,06:04:12
1294,208,233,[ 1  2  3  4  5  6  7  8  9 10],2304,276,153,485.94,2012-02-23,06:04:12
1295,0,233,[1 2 3],1137,208,186,43.48,2012-02-23,06:04:12
1296,385,233,[1 2 3 4 5 6 7 8],2787,298,187,11.06,2012-02-23,06:04:12
1297,119,233,[1 2 3 4],2289,194,69,629.74,2012-02-23,06:04:12
1298,35,233,[ 1  2  3  4  5  6  7  8  9 10 11 12],3179,356,87,43.32,2012-02-23,06:04:12
1299,326,234,[ 1  2  3  4  5  6  7  8  9 10 11 12],2896,466,138,49.09,2012-02-23,06:04:12
1300,200,234,[ 1  2  3  4  5  6  7  8  9 10],1252,162,164,34.17,2012-02-23,06:04:12
1301,155,234,[1 2 3],1028,361,42,13.99,2012-02-23,06:04:12
1302,204,234,[1 2 3 4 5 6 7 8],264,139,168,9.77,2012-02-23,06:04:12
1303,411,234,[1 2 3 4],3314,126,30,19.84,2012-02-23,06:04:12
1304,50,234,[ 1  2  3  4  5  6  7  8  9 10 11 12],3644,311,95,29.89,2012-02-23,06:04:12
1305,137,235,[1],1603,325,78,15.69,2003-03-13,05:01:16
1306,351,235,[1 2 3 4],3003,260,124,25.86,2003-03-13,05:01:16
1307,258,236,[1],3358,371,191,53.41,2003-03-13,05:01:16
1308,106,236,[1 2 3 4],2935,336,235,58.35,2003-03-13,05:01:16
1309,450,237,[ 1  2  3  4  5  6  7  8  9 10 11 12],1128,198,201,18.17,2021-04-10,08:42:57
1310,185,237,[1 2 3 4 5 6 7 8],3251,330,54,11.95,2021-04-10,08:42:57
1311,297,237,[ 1  2  3  4  5  6  7  8  9 10],2070,381,181,98.37,2021-04-10,08:42:57
1312,81,238,[ 1  2  3  4  5  6  7  8  9 10 11 12],3058,37,174,51.69,2021-04-10,08:42:57
1313,39,238,[1 2 3 4 5 6 7 8],810,82,205,114.23,2021-04-10,08:42:57
1314,499,238,[ 1  2  3  4  5  6  7  8  9 10],1430,407,49,9.92,2021-04-10,08:42:57
1315,265,239,[ 1  2  3  4  5  6  7  8  9 10 11 12],2347,409,160,335.17,2021-04-10,08:42:57
1316,114,239,[1 2 3 4 5 6 7 8],1889,13,79,11.16,2021-04-10,08:42:57
1317,76,239,[ 1  2  3  4  5  6  7  8  9 10],908,258,84,30.68,2021-04-10,08:42:57
1318,426,240,[1 2 3 4 5],2622,366,151,86.37,2000-11-20,22:26:50
1319,244,240,[1 2 3 4 5],1507,443,150,15.75,2000-11-20,22:26:50
1320,394,241,[1 2 3 4 5],1907,191,103,17.59,2000-11-20,22:26:50
1321,161,241,[1 2 3 4 5],3271,415,243,3.48,2000-11-20,22:26:50
1322,201,242,[ 1  2  3  4  5  6  7  8  9 10],3435,267,45,58.84,2010-02-01,12:11:05
1323,446,242,[1 2 3 4 5],2008,104,189,37.65,2010-02-01,12:11:05
1324,431,242,[1 2 3 4 5],2425,487,2,1058.74,2010-02-01,12:11:05
1325,353,242,[1 2 3 4],438,269,231,17.21,2010-02-01,12:11:05
1326,172,242,[1 2 3 4 5 6 7 8],3423,123,32,894.22,2010-02-01,12:11:05
1327,348,242,[1 2 3 4 5 6],2792,167,244,63.04,2010-02-01,12:11:05
1328,479,242,[1 2 3 4 5],1846,47,226,8.74,2010-02-01,12:11:05
1329,355,243,[ 1  2  3  4  5  6  7  8  9 10],2871,351,8,14.6,2010-02-01,12:11:05
1330,484,243,[1 2 3 4 5],3807,72,219,17.41,2010-02-01,12:11:05
1331,265,243,[1 2 3 4 5],591,348,229,13.9,2010-02-01,12:11:05
1332,450,243,[1 2 3 4],1927,455,222,139.0,2010-02-01,12:11:05
1333,235,243,[1 2 3 4 5 6 7 8],1019,211,164,12.12,2010-02-01,12:11:05
1334,229,243,[1 2 3 4 5 6],267,456,134,22.69,2010-02-01,12:11:05
1335,433,243,[1 2 3 4 5],3778,40,22,19.42,2010-02-01,12:11:05
1336,62,244,[ 1  2  3  4  5  6  7  8  9 10],1356,287,58,83.64,2010-02-01,12:11:05
1337,109,244,[1 2 3 4 5],1851,35,75,17.02,2010-02-01,12:11:05
1338,106,244,[1 2 3 4 5],3495,166,191,30.2,2010-02-01,12:11:05
1339,474,244,[1 2 3 4],3174,107,91,29.58,2010-02-01,12:11:05
1340,68,244,[1 2 3 4 5 6 7 8],1059,465,51,14.52,2010-02-01,12:11:05
1341,15,244,[1 2 3 4 5 6],566,196,173,19.73,2010-02-01,12:11:05
1342,399,244,[1 2 3 4 5],2326,271,167,592.01,2010-02-01,12:11:05
1343,144,245,[ 1  2  3  4  5  6  7  8  9 10],3110,443,228,143.61,2010-02-01,12:11:05
1344,314,245,[1 2 3 4 5],1224,104,216,1362.57,2010-02-01,12:11:05
1345,398,245,[1 2 3 4 5],996,436,46,15.91,2010-02-01,12:11:05
1346,244,245,[1 2 3 4],446,58,76,40.48,2010-02-01,12:11:05
1347,235,245,[1 2 3 4 5 6 7 8],1394,455,151,13.22,2010-02-01,12:11:05
1348,236,245,[1 2 3 4 5 6],1223,90,47,68.64,2010-02-01,12:11:05
1349,257,245,[1 2 3 4 5],2194,207,107,828.54,2010-02-01,12:11:05
1350,53,246,[ 1  2  3  4  5  6  7  8  9 10],391,166,194,47.19,2010-02-01,12:11:05
1351,370,246,[1 2 3 4 5],3636,49,93,15.87,2010-02-01,12:11:05
1352,331,246,[1 2 3 4 5],3131,241,174,24.7,2010-02-01,12:11:05
1353,1,246,[1 2 3 4],1705,235,250,22.54,2010-02-01,12:11:05
1354,475,246,[1 2 3 4 5 6 7 8],397,355,18,17.98,2010-02-01,12:11:05
1355,353,246,[1 2 3 4 5 6],3321,234,167,40.39,2010-02-01,12:11:05
1356,270,246,[1 2 3 4 5],632,154,71,79.39,2010-02-01,12:11:05
1357,50,247,[ 1  2  3  4  5  6  7  8  9 10],166,264,82,13.01,2010-02-01,12:11:05
1358,253,247,[1 2 3 4 5],2995,468,216,43.23,2010-02-01,12:11:05
1359,265,247,[1 2 3 4 5],1844,408,114,11.07,2010-02-01,12:11:05
1360,414,247,[1 2 3 4],1729,191,90,22.41,2010-02-01,12:11:05
1361,90,247,[1 2 3 4 5 6 7 8],2484,464,97,375.32,2010-02-01,12:11:05
1362,112,247,[1 2 3 4 5 6],748,411,87,35.22,2010-02-01,12:11:05
1363,321,247,[1 2 3 4 5],922,420,54,33.66,2010-02-01,12:11:05
1364,470,248,[ 1  2  3  4  5  6  7  8  9 10],472,373,73,33.99,2010-02-01,12:11:05
1365,436,248,[1 2 3 4 5],53,347,150,36.51,2010-02-01,12:11:05
1366,139,248,[1 2 3 4 5],3779,257,175,8.29,2010-02-01,12:11:05
1367,3,248,[1 2 3 4],3704,73,2,24.07,2010-02-01,12:11:05
1368,227,248,[1 2 3 4 5 6 7 8],1959,51,226,15.87,2010-02-01,12:11:05
1369,36,248,[1 2 3 4 5 6],2387,346,166,576.13,2010-02-01,12:11:05
1370,110,248,[1 2 3 4 5],3220,102,149,433.46,2010-02-01,12:11:05
1371,289,249,[ 1  2  3  4  5  6  7  8  9 10],398,275,29,20.15,2017-08-16,05:58:58
1372,91,249,[1 2 3 4],3554,8,29,76.82,2017-08-16,05:58:58
1373,398,249,[1 2 3 4 5 6 7],1975,272,5,16.52,2017-08-16,05:58:58
1374,17,250,[ 1  2  3  4  5  6  7  8  9 10],1355,192,165,17.9,2017-08-16,05:58:58
1375,302,250,[1 2 3 4],45,273,189,6.35,2017-08-16,05:58:58
1376,236,250,[1 2 3 4 5 6 7],2608,370,82,23.04,2017-08-16,05:58:58
1377,287,251,[ 1  2  3  4  5  6  7  8  9 10],3790,406,5,32.57,2017-08-16,05:58:58
1378,371,251,[1 2 3 4],1671,467,115,8.35,2017-08-16,05:58:58
1379,284,251,[1 2 3 4 5 6 7],3616,283,139,179.2,2017-08-16,05:58:58
1380,236,252,[1 2 3],1786,246,123,157.59,2013-09-22,12:49:11
1381,413,252,[ 1  2  3  4  5  6  7  8  9 10 11 12],342,39,98,12.86,2013-09-22,12:49:11
1382,449,253,[1 2 3],862,326,128,1439.31,2013-09-22,12:49:11
1383,484,253,[ 1  2  3  4  5  6  7  8  9 10 11 12],1565,57,20,7.97,2013-09-22,12:49:11
1384,293,254,[1 2 3 4 5 6 7 8],686,195,219,52.44,2008-08-24,22:06:14
1385,31,254,[1 2 3 4 5 6],3042,478,135,16.52,2008-08-24,22:06:14
1386,47,255,[1 2 3 4 5 6 7 8],803,34,42,1944.8,2008-08-24,22:06:14
1387,107,255,[1 2 3 4 5 6],2089,288,17,103.69,2008-08-24,22:06:14
1388,34,256,[1 2 3 4 5 6 7 8],188,211,199,16.95,2009-09-09,20:15:55
1389,16,256,[1 2 3 4 5 6 7],3108,335,205,164.29,2009-09-09,20:15:55
1390,343,256,[1 2 3 4],414,61,139,6.37,2009-09-09,20:15:55
1391,359,256,[1 2 3 4 5 6],3596,269,25,12.21,2009-09-09,20:15:55
1392,299,256,[1 2],305,124,205,114.92,2009-09-09,20:15:55
1393,413,257,[1 2 3 4 5 6 7 8],1959,335,171,18.01,2009-09-09,20:15:55
1394,200,257,[1 2 3 4 5 6 7],43,237,152,2177.86,2009-09-09,20:15:55
1395,329,257,[1 2 3 4],3251,153,59,9.73,2009-09-09,20:15:55
1396,395,257,[1 2 3 4 5 6],3600,162,131,25.67,2009-09-09,20:15:55
1397,114,257,[1 2],2667,242,58,18.43,2009-09-09,20:15:55
1398,206,258,[1 2 3 4 5 6 7 8],974,450,246,10.38,2009-09-09,20:15:55
1399,270,258,[1 2 3 4 5 6 7],3788,256,9,119.69,2009-09-09,20:15:55
1400,254,258,[1 2 3 4],1135,264,62,2076.33,2009-09-09,20:15:55
1401,95,258,[1 2 3 4 5 6],978,59,45,20.21,2009-09-09,20:15:55
1402,430,258,[1 2],83,440,25,18.99,2009-09-09,20:15:55
1403,373,259,[1 2 3 4 5 6 7 8],249,231,131,14.41,2009-09-09,20:15:55
1404,454,259,[1 2 3 4 5 6 7],816,436,6,18.33,2009-09-09,20:15:55
1405,188,259,[1 2 3 4],3198,370,30,43.55,2009-09-09,20:15:55
1406,145,259,[1 2 3 4 5 6],1959,405,26,15.95,2009-09-09,20:15:55
1407,319,259,[1 2],27,340,13,15.07,2009-09-09,20:15:55
1408,88,260,[1 2 3 4 5 6 7 8],2232,444,152,1186.74,2009-09-09,20:15:55
1409,340,260,[1 2 3 4 5 6 7],3153,213,143,53.51,2009-09-09,20:15:55
1410,92,260,[1 2 3 4],3082,22,3,13.0,2009-09-09,20:15:55
1411,405,260,[1 2 3 4 5 6],3592,118,58,27.48,2009-09-09,20:15:55
1412,343,260,[1 2],205,230,87,8.46,2009-09-09,20:15:55
1413,53,261,[1 2 3 4 5 6 7 8 9],1365,133,110,63.6,2017-08-26,05:30:48
1414,239,261,[1 2 3 4 5 6 7],1376,26,154,15.98,2017-08-26,05:30:48
1415,339,261,[1 2 3 4 5 6 7 8],671,315,60,10.09,2017-08-26,05:30:48
1416,267,261,[1 2 3 4 5 6 7],736,408,199,822.12,2017-08-26,05:30:48
1417,473,261,[1 2 3 4 5 6 7 8 9],283,477,197,9.96,2017-08-26,05:30:48
1418,425,261,[1 2 3 4 5 6 7 8],2360,333,120,668.46,2017-08-26,05:30:48
1419,218,261,[ 1  2  3  4  5  6  7  8  9 10 11 12],909,239,99,14.94,2017-08-26,05:30:48
1420,388,262,[1 2 3 4 5 6 7 8 9],463,202,211,11.19,2017-08-26,05:30:48
1421,41,262,[1 2 3 4 5 6 7],2110,283,209,123.31,2017-08-26,05:30:48
1422,369,262,[1 2 3 4 5 6 7 8],2957,333,30,80.24,2017-08-26,05:30:48
1423,16,262,[1 2 3 4 5 6 7],2641,215,137,12.82,2017-08-26,05:30:48
1424,243,262,[1 2 3 4 5 6 7 8 9],3023,216,243,24.87,2017-08-26,05:30:48
1425,158,262,[1 2 3 4 5 6 7 8],3651,122,53,49.31,2017-08-26,05:30:48
1426,290,262,[ 1  2  3  4  5  6  7  8  9 10 11 12],1853,436,102,11.68,2017-08-26,05:30:48
1427,77,263,[1 2 3 4 5 6 7 8 9],2404,432,249,214.99,2017-08-26,05:30:48
1428,8,263,[1 2 3 4 5 6 7],682,49,115,13.95,2017-08-26,05:30:48
1429,41,263,[1 2 3 4 5 6 7 8],1020,20,169,13.88,2017-08-26,05:30:48
1430,447,263,[1 2 3 4 5 6 7],102,350,169,9.76,2017-08-26,05:30:48
1431,401,263,[1 2 3 4 5 6 7 8 9],26,92,104,32.88,2017-08-26,05:30:48
1432,64,263,[1 2 3 4 5 6 7 8],12,321,215,15.42,2017-08-26,05:30:48
1433,65,263,[ 1  2  3  4  5  6  7  8  9 10 11 12],1557,152,179,10.67,2017-08-26,05:30:48
1434,368,264,[1 2 3 4 5 6 7 8 9],556,418,185,16.7,2017-08-26,05:30:48
1435,36,264,[1 2 3 4 5 6 7],211,361,19,40.38,2017-08-26,05:30:48
1436,243,264,[1 2 3 4 5 6 7 8],3193,267,21,42.18,2017-08-26,05:30:48
1437,71,264,[1 2 3 4 5 6 7],1428,287,227,32.67,2017-08-26,05:30:48
1438,51,264,[1 2 3 4 5 6 7 8 9],463,306,14,11.36,2017-08-26,05:30:48
1439,163,264,[1 2 3 4 5 6 7 8],2258,55,241,227.99,2017-08-26,05:30:48
1440,269,264,[ 1  2  3  4  5  6  7  8  9 10 11 12],3136,477,37,31.96,2017-08-26,05:30:48
1441,69,265,[1 2 3 4 5 6 7 8 9],1440,319,123,13.63,2017-08-26,05:30:48
1442,236,265,[1 2 3 4 5 6 7],2270,124,72,635.73,2017-08-26,05:30:48
1443,345,265,[1 2 3 4 5 6 7 8],2277,178,124,520.15,2017-08-26,05:30:48
1444,357,265,[1 2 3 4 5 6 7],2610,398,34,326.35,2017-08-26,05:30:48
1445,491,265,[1 2 3 4 5 6 7 8 9],1530,96,188,51.59,2017-08-26,05:30:48
1446,61,265,[1 2 3 4 5 6 7 8],751,308,46,24.64,2017-08-26,05:30:48
1447,159,265,[ 1  2  3  4  5  6  7  8  9 10 11 12],3290,145,64,73.57,2017-08-26,05:30:48
1448,285,266,[1 2 3 4 5 6 7 8 9],219,149,107,79.29,2017-08-26,05:30:48
1449,133,266,[1 2 3 4 5 6 7],3466,241,107,17.7,2017-08-26,05:30:48
1450,242,266,[1 2 3 4 5 6 7 8],3266,359,125,64.09,2017-08-26,05:30:48
1451,270,266,[1 2 3 4 5 6 7],2561,69,167,15.73,2017-08-26,05:30:48
1452,67,266,[1 2 3 4 5 6 7 8 9],1608,362,108,157.42,2017-08-26,05:30:48
1453,298,266,[1 2 3 4 5 6 7 8],798,56,98,925.34,2017-08-26,05:30:48
1454,441,266,[ 1  2  3  4  5  6  7  8  9 10 11 12],3697,327,187,1206.67,2017-08-26,05:30:48
1455,76,267,[1 2 3 4 5 6 7 8 9],3182,204,24,16.8,2017-08-26,05:30:48
1456,316,267,[1 2 3 4 5 6 7],1543,413,82,16.37,2017-08-26,05:30:48
1457,368,267,[1 2 3 4 5 6 7 8],3197,304,242,104.47,2017-08-26,05:30:48
1458,27,267,[1 2 3 4 5 6 7],1411,226,191,39.52,2017-08-26,05:30:48
1459,442,267,[1 2 3 4 5 6 7 8 9],1152,72,219,470.36,2017-08-26,05:30:48
1460,383,267,[1 2 3 4 5 6 7 8],2082,161,138,31.08,2017-08-26,05:30:48
1461,437,267,[ 1  2  3  4  5  6  7  8  9 10 11 12],3040,409,70,21.52,2017-08-26,05:30:48
1462,94,268,[ 1  2  3  4  5  6  7  8  9 10 11 12],2628,405,160,35.74,2016-04-02,14:11:30
1463,180,268,[1 2 3 4 5 6 7],164,141,159,16.2,2016-04-02,14:11:30
1464,223,268,[ 1  2  3  4  5  6  7  8  9 10 11],2895,39,50,18.73,2016-04-02,14:11:30
1465,5,268,[1 2],3600,329,159,24.77,2016-04-02,14:11:30
