,Buyer_ID,Personal_Order_Number,Personal_Purchase_Number,Product_ID,Seller_ID,Quantity,Price,Fullfill_Date,Sell_Time
0,39,0,[1 2 3 4],3694,92,240,5.91,2008-04-10,03:37:17
1,668,0,[1 2 3 4 5 6 7 8],2518,204,51,13.88,2020-07-07,13:06:09
2,437,0,[1 2 3 4 5],1774,878,182,105.38,2020-07-07,13:06:09
3,241,0,[1 2 3 4 5],2589,886,151,16.01,2020-07-07,13:06:09
4,0,0,[ 1  2  3  4  5  6  7  8  9 10 11],16,98,41,25.94,2020-07-07,13:06:09
5,491,0,[1 2 3 4 5 6 7 8],1369,346,36,740.98,2020-07-07,13:06:09
6,484,0,[1 2],137,233,195,1286.89,2020-07-07,13:06:09
7,97,0,[1 2 3 4 5 6 7 8],64,265,4,126.19,2020-07-07,13:06:09
8,454,1,[1 2 3 4 5 6 7 8],2647,294,219,120.1,2020-07-07,13:06:09
9,959,1,[1 2 3 4 5],1978,986,219,7.23,2020-07-07,13:06:09
10,332,1,[1 2 3 4 5],3703,722,62,16.5,2020-07-07,13:06:09
11,914,1,[ 1  2  3  4  5  6  7  8  9 10 11],919,204,44,4.8,2020-07-07,13:06:09
12,106,1,[1 2 3 4 5 6 7 8],117,250,176,10.38,2020-07-07,13:06:09
13,804,1,[1 2],483,961,46,28.15,2020-07-07,13:06:09
14,208,1,[1 2 3 4 5 6 7 8],1274,809,160,368.7,2020-07-07,13:06:09
15,897,2,[1 2 3 4 5 6 7 8],1193,888,144,15.21,2020-07-07,13:06:09
16,787,2,[1 2 3 4 5],848,942,62,40.95,2020-07-07,13:06:09
17,794,2,[1 2 3 4 5],473,180,199,18.44,2020-07-07,13:06:09
18,337,2,[ 1  2  3  4  5  6  7  8  9 10 11],1036,855,231,23.18,2020-07-07,13:06:09
19,640,2,[1 2 3 4 5 6 7 8],1993,560,135,13.78,2020-07-07,13:06:09
20,870,2,[1 2],1368,872,22,9.05,2020-07-07,13:06:09
21,367,2,[1 2 3 4 5 6 7 8],2592,23,184,15.96,2020-07-07,13:06:09
22,994,3,[1 2 3 4 5 6 7 8],782,279,96,196.79,2020-07-07,13:06:09
23,782,3,[1 2 3 4 5],664,678,114,26.16,2020-07-07,13:06:09
24,977,3,[1 2 3 4 5],280,506,131,9.37,2020-07-07,13:06:09
25,50,3,[ 1  2  3  4  5  6  7  8  9 10 11],2621,84,61,36.95,2020-07-07,13:06:09
26,663,3,[1 2 3 4 5 6 7 8],1751,509,197,79.54,2020-07-07,13:06:09
27,508,3,[1 2],1206,225,3,53.01,2020-07-07,13:06:09
28,893,3,[1 2 3 4 5 6 7 8],2830,7,91,14.06,2020-07-07,13:06:09
29,195,4,[1 2 3 4 5 6 7 8],2433,385,148,27.82,2020-07-07,13:06:09
30,962,4,[1 2 3 4 5],1238,238,184,979.2,2020-07-07,13:06:09
31,102,4,[1 2 3 4 5],2867,176,1,80.91,2020-07-07,13:06:09
32,347,4,[ 1  2  3  4  5  6  7  8  9 10 11],2906,498,227,22.43,2020-07-07,13:06:09
33,648,4,[1 2 3 4 5 6 7 8],1876,926,239,15.66,2020-07-07,13:06:09
34,65,4,[1 2],3467,373,98,19.69,2020-07-07,13:06:09
35,789,4,[1 2 3 4 5 6 7 8],989,856,113,19.98,2020-07-07,13:06:09
36,506,5,[1 2 3 4 5 6 7 8],2596,734,201,10.02,2020-07-07,13:06:09
37,839,5,[1 2 3 4 5],196,350,91,41.3,2020-07-07,13:06:09
38,448,5,[1 2 3 4 5],3562,125,5,13.15,2020-07-07,13:06:09
39,375,5,[ 1  2  3  4  5  6  7  8  9 10 11],3414,662,181,15.63,2020-07-07,13:06:09
40,144,5,[1 2 3 4 5 6 7 8],2039,264,27,32.37,2020-07-07,13:06:09
41,195,5,[1 2],737,62,219,67.45,2020-07-07,13:06:09
42,949,5,[1 2 3 4 5 6 7 8],2241,402,102,220.21,2020-07-07,13:06:09
43,434,6,[1 2 3 4 5 6 7 8],2744,668,24,224.88,2020-07-07,13:06:09
44,196,6,[1 2 3 4 5],305,974,191,111.48,2020-07-07,13:06:09
45,337,6,[1 2 3 4 5],1796,118,78,8.99,2020-07-07,13:06:09
46,137,6,[ 1  2  3  4  5  6  7  8  9 10 11],459,910,100,1345.73,2020-07-07,13:06:09
47,239,6,[1 2 3 4 5 6 7 8],1761,358,110,95.51,2020-07-07,13:06:09
48,139,6,[1 2],1053,251,161,1008.49,2020-07-07,13:06:09
49,910,6,[1 2 3 4 5 6 7 8],3440,924,245,10.97,2020-07-07,13:06:09
50,73,0,[1 2 3 4],132,226,95,9.53,2009-04-16,13:17:21
51,385,0,[1 2],3786,72,217,112.78,2009-04-16,13:17:21
52,883,0,[1 2 3 4 5 6],396,626,80,16.12,2009-04-16,13:17:21
53,820,1,[1 2 3 4],3097,300,80,10.91,2009-04-16,13:17:21
54,585,1,[1 2],2221,398,202,903.1,2009-04-16,13:17:21
55,761,1,[1 2 3 4 5 6],3049,775,61,15.36,2009-04-16,13:17:21
56,533,2,[1 2 3 4],2663,516,232,107.74,2009-04-16,13:17:21
57,900,2,[1 2],3813,618,14,48.22,2009-04-16,13:17:21
58,537,2,[1 2 3 4 5 6],1688,113,7,27.74,2009-04-16,13:17:21
59,286,0,[1 2],1757,555,180,29.64,2018-05-04,14:34:46
60,786,0,[1 2 3 4],2339,25,151,572.56,2018-05-04,14:34:46
61,7,0,[1],1686,717,150,15.14,2018-05-04,14:34:46
62,130,0,[ 1  2  3  4  5  6  7  8  9 10],1040,10,174,44.81,2018-05-04,14:34:46
63,922,0,[1 2 3 4 5 6],2987,805,30,6.42,2018-05-04,14:34:46
64,759,1,[1 2],2034,25,249,95.69,2018-05-04,14:34:46
65,276,1,[1 2 3 4],3789,87,65,51.71,2018-05-04,14:34:46
66,185,1,[1],788,60,126,253.3,2018-05-04,14:34:46
67,978,1,[ 1  2  3  4  5  6  7  8  9 10],138,472,100,9.68,2018-05-04,14:34:46
68,613,1,[1 2 3 4 5 6],2978,136,183,16.17,2018-05-04,14:34:46
69,934,2,[1 2],2095,858,9,55.98,2018-05-04,14:34:46
70,492,2,[1 2 3 4],2898,707,32,12.55,2018-05-04,14:34:46
71,120,2,[1],29,87,15,16.24,2018-05-04,14:34:46
72,198,2,[ 1  2  3  4  5  6  7  8  9 10],2174,377,237,147.86,2018-05-04,14:34:46
73,343,2,[1 2 3 4 5 6],74,328,115,16.56,2018-05-04,14:34:46
74,616,3,[1 2],2729,367,138,13.31,2018-05-04,14:34:46
75,166,3,[1 2 3 4],3050,26,171,65.6,2018-05-04,14:34:46
76,946,3,[1],2487,509,198,197.33,2018-05-04,14:34:46
77,493,3,[ 1  2  3  4  5  6  7  8  9 10],1417,792,68,33.34,2018-05-04,14:34:46
78,974,3,[1 2 3 4 5 6],1418,165,235,13.08,2018-05-04,14:34:46
79,503,4,[1 2],878,362,30,27.74,2018-05-04,14:34:46
80,596,4,[1 2 3 4],3099,44,171,42.67,2018-05-04,14:34:46
81,829,4,[1],937,887,168,48.13,2018-05-04,14:34:46
82,159,4,[ 1  2  3  4  5  6  7  8  9 10],826,292,211,76.95,2018-05-04,14:34:46
83,810,4,[1 2 3 4 5 6],3011,582,84,19.76,2018-05-04,14:34:46
84,139,0,[1 2 3 4 5],349,813,228,2398.97,2016-08-05,23:20:42
85,139,0,[1 2 3],2485,255,234,9.45,2016-08-05,23:20:42
86,837,0,[1],3258,541,29,8.01,2016-08-05,23:20:42
87,307,0,[1 2 3 4 5 6],1492,840,27,8.79,2016-08-05,23:20:42
88,532,0,[1],1617,264,200,28.82,2016-08-05,23:20:42
89,596,0,[1 2 3 4 5 6 7 8],2811,195,200,15.27,2016-08-05,23:20:42
90,775,0,[ 1  2  3  4  5  6  7  8  9 10 11 12],819,707,88,24.77,2016-08-05,23:20:42
91,720,0,[1],3380,888,213,240.68,2016-08-05,23:20:42
92,859,1,[1 2 3 4 5],1969,247,120,28.23,2016-08-05,23:20:42
93,921,1,[1 2 3],852,692,202,23.84,2016-08-05,23:20:42
94,127,1,[1],3539,164,166,7.01,2016-08-05,23:20:42
95,218,1,[1 2 3 4 5 6],3649,685,145,94.91,2016-08-05,23:20:42
96,243,1,[1],1542,940,145,14.04,2016-08-05,23:20:42
97,881,1,[1 2 3 4 5 6 7 8],1588,135,94,36.33,2016-08-05,23:20:42
98,724,1,[ 1  2  3  4  5  6  7  8  9 10 11 12],769,293,201,11.65,2016-08-05,23:20:42
99,741,1,[1],3096,978,229,14.49,2016-08-05,23:20:42
100,82,2,[1 2 3 4 5],1247,487,3,15.01,2016-08-05,23:20:42
101,729,2,[1 2 3],1054,262,227,14.02,2016-08-05,23:20:42
102,226,2,[1],3147,923,131,36.99,2016-08-05,23:20:42
103,618,2,[1 2 3 4 5 6],752,532,211,205.45,2016-08-05,23:20:42
104,380,2,[1],2774,574,197,184.77,2016-08-05,23:20:42
105,87,2,[1 2 3 4 5 6 7 8],1067,168,198,87.6,2016-08-05,23:20:42
106,993,2,[ 1  2  3  4  5  6  7  8  9 10 11 12],1017,704,221,19.45,2016-08-05,23:20:42
107,636,2,[1],2839,52,139,223.68,2016-08-05,23:20:42
108,66,3,[1 2 3 4 5],148,984,225,1562.69,2016-08-05,23:20:42
109,110,3,[1 2 3],1289,127,192,24.01,2016-08-05,23:20:42
110,784,3,[1],2644,655,188,28.09,2016-08-05,23:20:42
111,506,3,[1 2 3 4 5 6],3195,655,107,69.68,2016-08-05,23:20:42
112,710,3,[1],1974,756,40,10.3,2016-08-05,23:20:42
113,742,3,[1 2 3 4 5 6 7 8],1032,901,232,152.02,2016-08-05,23:20:42
114,939,3,[ 1  2  3  4  5  6  7  8  9 10 11 12],1406,131,134,31.54,2016-08-05,23:20:42
115,790,3,[1],3359,984,193,19.78,2016-08-05,23:20:42
116,667,4,[1 2 3 4 5],2994,470,110,11.96,2016-08-05,23:20:42
117,822,4,[1 2 3],2679,333,79,35.42,2016-08-05,23:20:42
118,447,4,[1],2186,868,249,72.26,2016-08-05,23:20:42
119,615,4,[1 2 3 4 5 6],3535,973,233,14.39,2016-08-05,23:20:42
120,476,4,[1],490,319,47,21.65,2016-08-05,23:20:42
121,828,4,[1 2 3 4 5 6 7 8],640,5,248,39.3,2016-08-05,23:20:42
122,423,4,[ 1  2  3  4  5  6  7  8  9 10 11 12],2992,440,107,327.75,2016-08-05,23:20:42
123,718,4,[1],2414,65,50,233.11,2016-08-05,23:20:42
124,928,5,[1 2 3 4 5],761,727,103,13.61,2016-08-05,23:20:42
125,385,5,[1 2 3],1272,556,2,21.19,2016-08-05,23:20:42
126,846,5,[1],328,545,76,13.18,2016-08-05,23:20:42
127,407,5,[1 2 3 4 5 6],3529,373,32,42.38,2016-08-05,23:20:42
128,201,5,[1],3172,786,231,49.69,2016-08-05,23:20:42
129,114,5,[1 2 3 4 5 6 7 8],718,959,168,38.29,2016-08-05,23:20:42
130,426,5,[ 1  2  3  4  5  6  7  8  9 10 11 12],1864,449,43,9.1,2016-08-05,23:20:42
131,569,5,[1],1715,139,171,42.89,2016-08-05,23:20:42
132,793,6,[1 2 3 4 5],3611,60,152,9.22,2016-08-05,23:20:42
133,680,6,[1 2 3],1285,252,151,29.45,2016-08-05,23:20:42
134,804,6,[1],69,998,191,8.49,2016-08-05,23:20:42
135,732,6,[1 2 3 4 5 6],351,137,238,33.2,2016-08-05,23:20:42
136,647,6,[1],3703,993,1,14.54,2016-08-05,23:20:42
137,154,6,[1 2 3 4 5 6 7 8],141,267,244,26.32,2016-08-05,23:20:42
138,729,6,[ 1  2  3  4  5  6  7  8  9 10 11 12],3081,180,147,477.22,2016-08-05,23:20:42
139,261,6,[1],405,708,25,16.42,2016-08-05,23:20:42
140,73,7,[1 2 3 4 5],1216,58,147,16.51,2016-08-05,23:20:42
141,788,7,[1 2 3],2729,788,110,10.77,2016-08-05,23:20:42
142,659,7,[1],3309,672,218,18.85,2016-08-05,23:20:42
143,842,7,[1 2 3 4 5 6],1218,55,144,9.15,2016-08-05,23:20:42
144,64,7,[1],3103,304,78,42.81,2016-08-05,23:20:42
145,908,7,[1 2 3 4 5 6 7 8],140,347,116,25.55,2016-08-05,23:20:42
146,376,7,[ 1  2  3  4  5  6  7  8  9 10 11 12],1282,422,152,22.45,2016-08-05,23:20:42
147,971,7,[1],1079,750,61,18.42,2016-08-05,23:20:42
148,620,0,[ 1  2  3  4  5  6  7  8  9 10 11 12],50,757,152,777.8,2003-10-22,07:45:25
149,911,0,[ 1  2  3  4  5  6  7  8  9 10 11],2318,460,232,275.63,2003-10-22,07:45:25
150,13,0,[1 2 3],2909,104,194,228.3,2003-10-22,07:45:25
151,544,1,[ 1  2  3  4  5  6  7  8  9 10 11 12],749,410,91,47.05,2003-10-22,07:45:25
152,189,1,[ 1  2  3  4  5  6  7  8  9 10 11],3118,4,122,238.91,2003-10-22,07:45:25
153,28,1,[1 2 3],2927,935,166,35.18,2003-10-22,07:45:25
154,534,2,[ 1  2  3  4  5  6  7  8  9 10 11 12],1619,154,100,6.62,2003-10-22,07:45:25
155,908,2,[ 1  2  3  4  5  6  7  8  9 10 11],184,342,243,11.4,2003-10-22,07:45:25
156,209,2,[1 2 3],1156,522,209,26.51,2003-10-22,07:45:25
157,903,0,[ 1  2  3  4  5  6  7  8  9 10],3802,240,108,140.19,2017-03-29,18:36:43
158,192,0,[1 2 3 4 5 6],229,904,32,1931.58,2017-03-29,18:36:43
159,820,0,[ 1  2  3  4  5  6  7  8  9 10 11 12],3528,249,116,127.52,2017-03-29,18:36:43
160,14,0,[ 1  2  3  4  5  6  7  8  9 10],2760,305,121,477.03,2017-03-29,18:36:43
161,744,0,[1],3212,217,75,10.02,2017-03-29,18:36:43
162,467,0,[ 1  2  3  4  5  6  7  8  9 10 11 12],2301,819,181,14.8,2017-03-29,18:36:43
163,490,0,[ 1  2  3  4  5  6  7  8  9 10 11 12],2838,749,70,16.36,2017-03-29,18:36:43
164,828,1,[ 1  2  3  4  5  6  7  8  9 10],2536,200,211,26.56,2017-03-29,18:36:43
165,287,1,[1 2 3 4 5 6],1804,856,174,13.53,2017-03-29,18:36:43
166,441,1,[ 1  2  3  4  5  6  7  8  9 10 11 12],3076,716,160,140.26,2017-03-29,18:36:43
167,727,1,[ 1  2  3  4  5  6  7  8  9 10],864,833,89,97.54,2017-03-29,18:36:43
168,627,1,[1],2657,814,170,33.39,2017-03-29,18:36:43
169,155,1,[ 1  2  3  4  5  6  7  8  9 10 11 12],601,964,174,9.25,2017-03-29,18:36:43
170,967,1,[ 1  2  3  4  5  6  7  8  9 10 11 12],3527,848,66,16.59,2017-03-29,18:36:43
171,165,2,[ 1  2  3  4  5  6  7  8  9 10],18,984,63,14.08,2017-03-29,18:36:43
172,990,2,[1 2 3 4 5 6],1788,575,157,13.75,2017-03-29,18:36:43
173,799,2,[ 1  2  3  4  5  6  7  8  9 10 11 12],1447,902,160,44.48,2017-03-29,18:36:43
174,103,2,[ 1  2  3  4  5  6  7  8  9 10],3328,549,107,18.27,2017-03-29,18:36:43
175,767,2,[1],1772,693,91,12.42,2017-03-29,18:36:43
176,205,2,[ 1  2  3  4  5  6  7  8  9 10 11 12],2588,498,178,19.3,2017-03-29,18:36:43
177,357,2,[ 1  2  3  4  5  6  7  8  9 10 11 12],1969,76,93,29.06,2017-03-29,18:36:43
178,48,3,[ 1  2  3  4  5  6  7  8  9 10],3342,492,217,36.55,2017-03-29,18:36:43
179,550,3,[1 2 3 4 5 6],2376,875,146,225.38,2017-03-29,18:36:43
180,847,3,[ 1  2  3  4  5  6  7  8  9 10 11 12],1330,895,213,27.01,2017-03-29,18:36:43
181,349,3,[ 1  2  3  4  5  6  7  8  9 10],2212,621,236,373.2,2017-03-29,18:36:43
182,290,3,[1],1199,26,173,903.4,2017-03-29,18:36:43
183,769,3,[ 1  2  3  4  5  6  7  8  9 10 11 12],2112,470,29,606.74,2017-03-29,18:36:43
184,984,3,[ 1  2  3  4  5  6  7  8  9 10 11 12],285,22,86,13.28,2017-03-29,18:36:43
185,345,4,[ 1  2  3  4  5  6  7  8  9 10],1548,75,222,12.14,2017-03-29,18:36:43
186,318,4,[1 2 3 4 5 6],1590,381,105,15.82,2017-03-29,18:36:43
187,120,4,[ 1  2  3  4  5  6  7  8  9 10 11 12],580,950,74,53.35,2017-03-29,18:36:43
188,291,4,[ 1  2  3  4  5  6  7  8  9 10],210,835,191,805.12,2017-03-29,18:36:43
189,702,4,[1],604,895,30,40.05,2017-03-29,18:36:43
190,914,4,[ 1  2  3  4  5  6  7  8  9 10 11 12],992,183,119,13.57,2017-03-29,18:36:43
191,19,4,[ 1  2  3  4  5  6  7  8  9 10 11 12],2176,194,49,218.94,2017-03-29,18:36:43
192,196,5,[ 1  2  3  4  5  6  7  8  9 10],2063,298,40,15.98,2017-03-29,18:36:43
193,380,5,[1 2 3 4 5 6],2680,543,237,23.93,2017-03-29,18:36:43
194,913,5,[ 1  2  3  4  5  6  7  8  9 10 11 12],425,225,100,30.8,2017-03-29,18:36:43
195,514,5,[ 1  2  3  4  5  6  7  8  9 10],191,210,207,1300.4,2017-03-29,18:36:43
196,910,5,[1],3295,904,189,29.59,2017-03-29,18:36:43
197,680,5,[ 1  2  3  4  5  6  7  8  9 10 11 12],3208,180,42,144.52,2017-03-29,18:36:43
198,131,5,[ 1  2  3  4  5  6  7  8  9 10 11 12],897,418,125,41.36,2017-03-29,18:36:43
199,824,6,[ 1  2  3  4  5  6  7  8  9 10],2675,67,221,20.72,2017-03-29,18:36:43
200,816,6,[1 2 3 4 5 6],2944,861,185,12.7,2017-03-29,18:36:43
201,117,6,[ 1  2  3  4  5  6  7  8  9 10 11 12],1437,728,21,23.27,2017-03-29,18:36:43
202,121,6,[ 1  2  3  4  5  6  7  8  9 10],2160,639,178,582.04,2017-03-29,18:36:43
203,235,6,[1],563,969,225,66.46,2017-03-29,18:36:43
204,782,6,[ 1  2  3  4  5  6  7  8  9 10 11 12],469,591,189,2071.22,2017-03-29,18:36:43
205,342,6,[ 1  2  3  4  5  6  7  8  9 10 11 12],1390,238,197,16.33,2017-03-29,18:36:43
206,432,0,[1 2 3 4 5 6 7 8 9],651,862,63,151.87,2016-12-29,14:39:36
207,891,0,[1],2583,666,8,20.32,2016-12-29,14:39:36
208,249,0,[ 1  2  3  4  5  6  7  8  9 10 11 12],3700,467,171,17.98,2016-12-29,14:39:36
209,401,0,[1 2],2379,369,41,691.12,2016-12-29,14:39:36
210,721,0,[1],3811,876,124,239.62,2016-12-29,14:39:36
211,195,0,[1 2 3 4],281,382,79,15.02,2016-12-29,14:39:36
212,680,1,[1 2 3 4 5 6 7 8 9],2741,9,220,19.11,2016-12-29,14:39:36
213,766,1,[1],2547,158,40,21.52,2016-12-29,14:39:36
214,988,1,[ 1  2  3  4  5  6  7  8  9 10 11 12],951,871,20,32.07,2016-12-29,14:39:36
215,473,1,[1 2],3172,283,64,54.22,2016-12-29,14:39:36
216,239,1,[1],2768,860,209,27.71,2016-12-29,14:39:36
217,907,1,[1 2 3 4],26,137,114,38.93,2016-12-29,14:39:36
218,664,2,[1 2 3 4 5 6 7 8 9],800,835,91,98.26,2016-12-29,14:39:36
219,139,2,[1],2586,207,180,11.74,2016-12-29,14:39:36
220,538,2,[ 1  2  3  4  5  6  7  8  9 10 11 12],3151,310,211,11.4,2016-12-29,14:39:36
221,766,2,[1 2],3086,798,55,51.13,2016-12-29,14:39:36
222,30,2,[1],3600,327,129,22.74,2016-12-29,14:39:36
223,478,2,[1 2 3 4],719,280,38,410.37,2016-12-29,14:39:36
224,303,3,[1 2 3 4 5 6 7 8 9],1800,758,57,105.56,2016-12-29,14:39:36
225,440,3,[1],3040,967,142,21.26,2016-12-29,14:39:36
226,712,3,[ 1  2  3  4  5  6  7  8  9 10 11 12],670,581,56,1326.71,2016-12-29,14:39:36
227,765,3,[1 2],976,429,184,116.24,2016-12-29,14:39:36
228,679,3,[1],2338,70,225,882.69,2016-12-29,14:39:36
229,99,3,[1 2 3 4],1022,188,175,24.25,2016-12-29,14:39:36
230,96,4,[1 2 3 4 5 6 7 8 9],3416,776,250,14.58,2016-12-29,14:39:36
231,9,4,[1],824,313,51,59.68,2016-12-29,14:39:36
232,598,4,[ 1  2  3  4  5  6  7  8  9 10 11 12],712,847,116,39.55,2016-12-29,14:39:36
233,724,4,[1 2],2705,584,179,29.63,2016-12-29,14:39:36
234,934,4,[1],2884,892,77,18.86,2016-12-29,14:39:36
235,146,4,[1 2 3 4],3719,955,237,12.59,2016-12-29,14:39:36
236,513,5,[1 2 3 4 5 6 7 8 9],3334,551,52,9.57,2016-12-29,14:39:36
237,141,5,[1],2296,190,119,174.04,2016-12-29,14:39:36
238,789,5,[ 1  2  3  4  5  6  7  8  9 10 11 12],150,190,201,847.2,2016-12-29,14:39:36
239,150,5,[1 2],2546,208,123,18.04,2016-12-29,14:39:36
240,422,5,[1],3416,497,144,15.9,2016-12-29,14:39:36
241,559,5,[1 2 3 4],1300,861,198,556.27,2016-12-29,14:39:36
242,941,0,[1],2527,530,203,258.09,2012-02-20,11:16:00
243,136,0,[1 2 3 4 5 6],443,20,185,17.28,2012-02-20,11:16:00
244,204,0,[1 2 3 4 5 6 7 8],2671,896,238,14.68,2012-02-20,11:16:00
245,502,0,[1 2 3 4 5 6],503,479,70,10.91,2012-02-20,11:16:00
246,874,0,[1 2 3 4 5 6 7 8],1182,853,101,105.0,2012-02-20,11:16:00
247,991,1,[1],1841,440,121,10.57,2012-02-20,11:16:00
248,641,1,[1 2 3 4 5 6],1854,635,70,36.79,2012-02-20,11:16:00
249,626,1,[1 2 3 4 5 6 7 8],2742,375,237,84.86,2012-02-20,11:16:00
250,582,1,[1 2 3 4 5 6],1999,229,46,16.13,2012-02-20,11:16:00
251,715,1,[1 2 3 4 5 6 7 8],2224,959,213,1197.31,2012-02-20,11:16:00
252,563,2,[1],1465,839,243,171.88,2012-02-20,11:16:00
253,627,2,[1 2 3 4 5 6],2202,219,106,38.13,2012-02-20,11:16:00
254,673,2,[1 2 3 4 5 6 7 8],2983,640,150,208.58,2012-02-20,11:16:00
255,44,2,[1 2 3 4 5 6],2175,245,242,246.45,2012-02-20,11:16:00
256,382,2,[1 2 3 4 5 6 7 8],3325,15,25,31.24,2012-02-20,11:16:00
257,780,3,[1],2528,50,100,32.02,2012-02-20,11:16:00
258,192,3,[1 2 3 4 5 6],3253,337,47,20.98,2012-02-20,11:16:00
259,910,3,[1 2 3 4 5 6 7 8],674,531,100,23.01,2012-02-20,11:16:00
260,957,3,[1 2 3 4 5 6],1449,498,112,774.56,2012-02-20,11:16:00
261,778,3,[1 2 3 4 5 6 7 8],752,835,243,183.46,2012-02-20,11:16:00
262,143,4,[1],3334,194,119,10.78,2012-02-20,11:16:00
263,197,4,[1 2 3 4 5 6],3446,130,192,4.83,2012-02-20,11:16:00
264,699,4,[1 2 3 4 5 6 7 8],3563,989,165,40.45,2012-02-20,11:16:00
265,379,4,[1 2 3 4 5 6],2217,403,62,632.08,2012-02-20,11:16:00
266,575,4,[1 2 3 4 5 6 7 8],1322,747,230,171.96,2012-02-20,11:16:00
267,48,0,[ 1  2  3  4  5  6  7  8  9 10 11 12],624,554,108,14.04,2014-12-13,13:52:33
268,941,0,[1 2 3 4 5],2986,198,103,96.34,2014-12-13,13:52:33
269,310,1,[ 1  2  3  4  5  6  7  8  9 10 11 12],3743,229,88,192.47,2014-12-13,13:52:33
270,258,1,[1 2 3 4 5],3493,226,134,39.16,2014-12-13,13:52:33
271,158,0,[1 2],2414,478,184,215.64,2007-12-20,05:07:36
272,586,0,[1 2 3 4 5 6 7 8],2466,86,205,68.95,2007-12-20,05:07:36
273,32,0,[1 2 3 4 5 6 7],3118,4,54,238.91,2007-12-20,05:07:36
274,197,0,[ 1  2  3  4  5  6  7  8  9 10],2253,43,78,771.69,2007-12-20,05:07:36
275,455,1,[1 2],2222,673,85,133.52,2007-12-20,05:07:36
276,753,1,[1 2 3 4 5 6 7 8],3231,911,238,14.54,2007-12-20,05:07:36
277,383,1,[1 2 3 4 5 6 7],828,944,218,51.41,2007-12-20,05:07:36
278,605,1,[ 1  2  3  4  5  6  7  8  9 10],2343,412,232,252.67,2007-12-20,05:07:36
279,204,2,[1 2],3304,444,110,26.63,2007-12-20,05:07:36
280,239,2,[1 2 3 4 5 6 7 8],3275,196,151,31.8,2007-12-20,05:07:36
281,912,2,[1 2 3 4 5 6 7],3629,949,15,149.22,2007-12-20,05:07:36
282,125,2,[ 1  2  3  4  5  6  7  8  9 10],3478,388,165,13.12,2007-12-20,05:07:36
283,301,3,[1 2],1719,156,56,13.18,2007-12-20,05:07:36
284,375,3,[1 2 3 4 5 6 7 8],1891,760,216,8.01,2007-12-20,05:07:36
285,138,3,[1 2 3 4 5 6 7],2878,81,189,8.76,2007-12-20,05:07:36
286,80,3,[ 1  2  3  4  5  6  7  8  9 10],1009,360,81,13.74,2007-12-20,05:07:36
287,528,0,[1 2 3],3802,89,161,133.28,2000-01-06,17:35:27
288,505,0,[1],3580,513,133,54.09,2000-01-06,17:35:27
289,135,0,[1 2 3 4 5 6 7 8],1601,31,141,90.46,2000-01-06,17:35:27
290,59,0,[1 2],3475,61,23,27.12,2000-01-06,17:35:27
291,257,0,[1 2 3 4 5 6 7 8],3730,346,167,64.89,2000-01-06,17:35:27
292,156,0,[1 2 3 4 5 6 7 8],588,299,186,280.06,2000-01-06,17:35:27
293,495,1,[1 2 3],1901,154,211,15.36,2000-01-06,17:35:27
294,905,1,[1],266,846,51,21.96,2000-01-06,17:35:27
295,11,1,[1 2 3 4 5 6 7 8],270,244,123,12.64,2000-01-06,17:35:27
296,346,1,[1 2],1333,78,82,43.57,2000-01-06,17:35:27
297,304,1,[1 2 3 4 5 6 7 8],469,16,196,2158.72,2000-01-06,17:35:27
298,406,1,[1 2 3 4 5 6 7 8],795,762,91,1392.89,2000-01-06,17:35:27
299,176,2,[1 2 3],326,263,156,7.79,2000-01-06,17:35:27
300,604,2,[1],3443,928,197,9.63,2000-01-06,17:35:27
301,742,2,[1 2 3 4 5 6 7 8],2966,651,172,792.96,2000-01-06,17:35:27
302,338,2,[1 2],2113,355,238,131.75,2000-01-06,17:35:27
303,419,2,[1 2 3 4 5 6 7 8],3101,582,225,10.65,2000-01-06,17:35:27
304,945,2,[1 2 3 4 5 6 7 8],121,782,1,16.02,2000-01-06,17:35:27
305,509,3,[1 2 3],2154,401,97,32.3,2000-01-06,17:35:27
306,574,3,[1],2469,407,124,40.56,2000-01-06,17:35:27
307,740,3,[1 2 3 4 5 6 7 8],976,826,225,141.31,2000-01-06,17:35:27
308,979,3,[1 2],2940,319,101,52.49,2000-01-06,17:35:27
309,626,3,[1 2 3 4 5 6 7 8],1220,216,123,1002.42,2000-01-06,17:35:27
310,704,3,[1 2 3 4 5 6 7 8],2367,73,188,955.84,2000-01-06,17:35:27
311,226,4,[1 2 3],1085,788,197,119.08,2000-01-06,17:35:27
312,375,4,[1],1463,367,96,19.38,2000-01-06,17:35:27
313,271,4,[1 2 3 4 5 6 7 8],1096,723,5,66.07,2000-01-06,17:35:27
314,733,4,[1 2],1040,10,218,44.81,2000-01-06,17:35:27
315,499,4,[1 2 3 4 5 6 7 8],782,337,94,189.69,2000-01-06,17:35:27
316,580,4,[1 2 3 4 5 6 7 8],2050,145,106,20.51,2000-01-06,17:35:27
317,176,5,[1 2 3],3054,660,169,8.08,2000-01-06,17:35:27
318,40,5,[1],661,657,72,72.05,2000-01-06,17:35:27
319,850,5,[1 2 3 4 5 6 7 8],3429,54,102,14.03,2000-01-06,17:35:27
320,214,5,[1 2],117,478,31,11.69,2000-01-06,17:35:27
321,64,5,[1 2 3 4 5 6 7 8],2970,514,154,48.3,2000-01-06,17:35:27
322,110,5,[1 2 3 4 5 6 7 8],318,397,229,7.24,2000-01-06,17:35:27
323,192,0,[1 2 3],1207,988,22,231.68,2016-12-09,22:24:52
324,697,0,[1 2 3 4 5 6],812,9,12,80.36,2016-12-09,22:24:52
325,225,0,[ 1  2  3  4  5  6  7  8  9 10 11 12],3106,321,87,19.28,2016-12-09,22:24:52
326,275,1,[1 2 3],252,856,142,5.43,2016-12-09,22:24:52
327,371,1,[1 2 3 4 5 6],3264,825,12,14.84,2016-12-09,22:24:52
328,655,1,[ 1  2  3  4  5  6  7  8  9 10 11 12],1421,452,132,6.84,2016-12-09,22:24:52
329,592,2,[1 2 3],1401,365,58,24.51,2016-12-09,22:24:52
330,633,2,[1 2 3 4 5 6],3434,295,221,47.11,2016-12-09,22:24:52
331,434,2,[ 1  2  3  4  5  6  7  8  9 10 11 12],667,102,51,20.63,2016-12-09,22:24:52
332,346,0,[ 1  2  3  4  5  6  7  8  9 10 11 12],4,117,243,29.46,2004-09-21,15:31:36
333,155,0,[1 2 3 4 5 6 7],532,649,5,15.98,2004-09-21,15:31:36
334,276,0,[1 2 3 4 5 6],213,368,124,16.5,2004-09-21,15:31:36
335,686,0,[1 2 3 4 5 6 7 8 9],1274,716,86,345.12,2004-09-21,15:31:36
336,310,0,[1 2 3 4 5 6 7],2624,281,60,19.75,2004-09-21,15:31:36
337,582,0,[1 2 3 4 5],349,503,156,2247.63,2004-09-21,15:31:36
338,196,1,[ 1  2  3  4  5  6  7  8  9 10 11 12],2892,882,28,27.67,2004-09-21,15:31:36
339,512,1,[1 2 3 4 5 6 7],1734,476,195,113.91,2004-09-21,15:31:36
340,505,1,[1 2 3 4 5 6],3817,868,215,22.65,2004-09-21,15:31:36
341,235,1,[1 2 3 4 5 6 7 8 9],1530,868,12,48.32,2004-09-21,15:31:36
342,565,1,[1 2 3 4 5 6 7],2071,387,101,9.19,2004-09-21,15:31:36
343,652,1,[1 2 3 4 5],2089,3,161,108.48,2004-09-21,15:31:36
344,230,2,[ 1  2  3  4  5  6  7  8  9 10 11 12],1954,636,14,18.5,2004-09-21,15:31:36
345,245,2,[1 2 3 4 5 6 7],842,327,74,1095.96,2004-09-21,15:31:36
346,76,2,[1 2 3 4 5 6],236,155,245,16.66,2004-09-21,15:31:36
347,741,2,[1 2 3 4 5 6 7 8 9],3483,551,178,15.17,2004-09-21,15:31:36
348,152,2,[1 2 3 4 5 6 7],903,678,125,2486.49,2004-09-21,15:31:36
349,654,2,[1 2 3 4 5],1326,376,216,20.88,2004-09-21,15:31:36
350,44,3,[ 1  2  3  4  5  6  7  8  9 10 11 12],2075,296,241,20.12,2004-09-21,15:31:36
351,607,3,[1 2 3 4 5 6 7],1296,620,227,8.08,2004-09-21,15:31:36
352,635,3,[1 2 3 4 5 6],770,110,147,24.42,2004-09-21,15:31:36
353,91,3,[1 2 3 4 5 6 7 8 9],2721,461,53,23.53,2004-09-21,15:31:36
354,773,3,[1 2 3 4 5 6 7],1017,768,173,18.05,2004-09-21,15:31:36
355,423,3,[1 2 3 4 5],3783,861,134,43.12,2004-09-21,15:31:36
356,80,4,[ 1  2  3  4  5  6  7  8  9 10 11 12],2978,444,196,13.65,2004-09-21,15:31:36
357,665,4,[1 2 3 4 5 6 7],967,474,33,29.76,2004-09-21,15:31:36
358,73,4,[1 2 3 4 5 6],254,836,39,15.21,2004-09-21,15:31:36
359,478,4,[1 2 3 4 5 6 7 8 9],2565,965,196,90.99,2004-09-21,15:31:36
360,6,4,[1 2 3 4 5 6 7],2992,819,138,334.91,2004-09-21,15:31:36
361,878,4,[1 2 3 4 5],564,740,152,311.42,2004-09-21,15:31:36
362,589,5,[ 1  2  3  4  5  6  7  8  9 10 11 12],3010,634,248,13.43,2004-09-21,15:31:36
363,620,5,[1 2 3 4 5 6 7],2210,235,223,89.8,2004-09-21,15:31:36
364,613,5,[1 2 3 4 5 6],76,818,212,12.9,2004-09-21,15:31:36
365,46,5,[1 2 3 4 5 6 7 8 9],2831,12,123,16.46,2004-09-21,15:31:36
366,702,5,[1 2 3 4 5 6 7],3205,805,9,362.86,2004-09-21,15:31:36
367,257,5,[1 2 3 4 5],147,987,162,3362.44,2004-09-21,15:31:36
368,527,0,[1 2],1988,566,96,14.12,2017-02-28,18:18:14
369,365,0,[1 2 3],1358,497,5,11.43,2017-02-28,18:18:14
370,575,0,[1 2 3 4 5 6 7 8 9],1164,724,245,13.86,2017-02-28,18:18:14
371,297,0,[1 2 3 4 5 6 7 8 9],2967,962,86,19.52,2017-02-28,18:18:14
372,656,0,[ 1  2  3  4  5  6  7  8  9 10],1778,192,49,12.78,2017-02-28,18:18:14
373,780,0,[ 1  2  3  4  5  6  7  8  9 10 11 12],3647,851,65,146.08,2017-02-28,18:18:14
374,442,1,[1 2],916,567,226,12.21,2017-02-28,18:18:14
375,430,1,[1 2 3],2208,559,231,242.43,2017-02-28,18:18:14
376,225,1,[1 2 3 4 5 6 7 8 9],547,990,53,24.61,2017-02-28,18:18:14
377,696,1,[1 2 3 4 5 6 7 8 9],268,119,59,15.05,2017-02-28,18:18:14
378,576,1,[ 1  2  3  4  5  6  7  8  9 10],2382,344,84,456.26,2017-02-28,18:18:14
379,723,1,[ 1  2  3  4  5  6  7  8  9 10 11 12],650,132,153,33.82,2017-02-28,18:18:14
380,995,2,[1 2],3647,85,85,139.66,2017-02-28,18:18:14
381,650,2,[1 2 3],2901,469,113,38.69,2017-02-28,18:18:14
382,38,2,[1 2 3 4 5 6 7 8 9],969,672,108,66.69,2017-02-28,18:18:14
383,492,2,[1 2 3 4 5 6 7 8 9],1299,786,66,37.78,2017-02-28,18:18:14
384,608,2,[ 1  2  3  4  5  6  7  8  9 10],738,173,23,13.22,2017-02-28,18:18:14
385,771,2,[ 1  2  3  4  5  6  7  8  9 10 11 12],3044,107,67,102.25,2017-02-28,18:18:14
386,157,3,[1 2],3029,613,231,9.84,2017-02-28,18:18:14
387,857,3,[1 2 3],2674,637,8,3.69,2017-02-28,18:18:14
388,765,3,[1 2 3 4 5 6 7 8 9],1735,186,103,15.56,2017-02-28,18:18:14
389,53,3,[1 2 3 4 5 6 7 8 9],563,73,186,67.07,2017-02-28,18:18:14
390,624,3,[ 1  2  3  4  5  6  7  8  9 10],552,884,110,29.98,2017-02-28,18:18:14
391,702,3,[ 1  2  3  4  5  6  7  8  9 10 11 12],3558,885,145,15.42,2017-02-28,18:18:14
392,770,4,[1 2],906,983,23,27.13,2017-02-28,18:18:14
393,376,4,[1 2 3],471,807,155,897.56,2017-02-28,18:18:14
394,166,4,[1 2 3 4 5 6 7 8 9],753,224,206,16.77,2017-02-28,18:18:14
395,583,4,[1 2 3 4 5 6 7 8 9],1978,371,56,9.55,2017-02-28,18:18:14
396,174,4,[ 1  2  3  4  5  6  7  8  9 10],2894,829,32,19.54,2017-02-28,18:18:14
397,393,4,[ 1  2  3  4  5  6  7  8  9 10 11 12],2243,490,11,1076.75,2017-02-28,18:18:14
398,649,5,[1 2],3577,764,97,142.75,2017-02-28,18:18:14
399,84,5,[1 2 3],3555,912,71,18.4,2017-02-28,18:18:14
400,722,5,[1 2 3 4 5 6 7 8 9],445,181,76,13.09,2017-02-28,18:18:14
401,887,5,[1 2 3 4 5 6 7 8 9],1764,376,138,11.88,2017-02-28,18:18:14
402,388,5,[ 1  2  3  4  5  6  7  8  9 10],3789,631,83,50.58,2017-02-28,18:18:14
403,439,5,[ 1  2  3  4  5  6  7  8  9 10 11 12],57,23,2,1217.75,2017-02-28,18:18:14
404,507,0,[1 2 3 4 5 6 7 8 9],446,944,29,39.26,2019-11-07,14:13:08
405,830,0,[1 2 3 4 5 6],2483,714,195,9.72,2019-11-07,14:13:08
406,885,0,[1 2 3],3813,4,70,46.64,2019-11-07,14:13:08
407,28,0,[1 2 3 4],1965,879,170,24.43,2019-11-07,14:13:08
408,170,0,[1 2],1645,993,154,12.3,2019-11-07,14:13:08
409,392,0,[1],2037,373,176,16.66,2019-11-07,14:13:08
410,120,0,[1 2 3 4],3335,123,27,41.32,2019-11-07,14:13:08
411,109,1,[1 2 3 4 5 6 7 8 9],2670,234,84,753.53,2019-11-07,14:13:08
412,391,1,[1 2 3 4 5 6],2346,572,20,246.04,2019-11-07,14:13:08
413,583,1,[1 2 3],981,56,227,126.47,2019-11-07,14:13:08
414,16,1,[1 2 3 4],1832,467,22,21.41,2019-11-07,14:13:08
415,288,1,[1 2],2150,465,26,379.35,2019-11-07,14:13:08
416,766,1,[1],2864,705,245,26.72,2019-11-07,14:13:08
417,418,1,[1 2 3 4],3479,732,8,23.11,2019-11-07,14:13:08
418,354,2,[1 2 3 4 5 6 7 8 9],700,989,25,16.34,2019-11-07,14:13:08
419,227,2,[1 2 3 4 5 6],557,686,168,1415.06,2019-11-07,14:13:08
420,667,2,[1 2 3],1825,133,49,13.69,2019-11-07,14:13:08
421,916,2,[1 2 3 4],2099,794,99,12.67,2019-11-07,14:13:08
422,108,2,[1 2],2971,386,192,6.81,2019-11-07,14:13:08
423,223,2,[1],2439,981,226,32.76,2019-11-07,14:13:08
424,5,2,[1 2 3 4],3602,81,222,18.28,2019-11-07,14:13:08
425,506,3,[1 2 3 4 5 6 7 8 9],273,128,78,13.08,2019-11-07,14:13:08
426,782,3,[1 2 3 4 5 6],834,295,112,37.2,2019-11-07,14:13:08
427,377,3,[1 2 3],2625,616,69,306.98,2019-11-07,14:13:08
428,0,3,[1 2 3 4],3160,168,35,26.8,2019-11-07,14:13:08
429,431,3,[1 2],593,222,219,23.98,2019-11-07,14:13:08
430,668,3,[1],2472,776,95,16.59,2019-11-07,14:13:08
431,907,3,[1 2 3 4],3001,397,125,47.45,2019-11-07,14:13:08
432,859,4,[1 2 3 4 5 6 7 8 9],772,958,46,5.04,2019-11-07,14:13:08
433,87,4,[1 2 3 4 5 6],2291,952,148,522.4,2019-11-07,14:13:08
434,573,4,[1 2 3],2184,575,221,138.23,2019-11-07,14:13:08
435,656,4,[1 2 3 4],1714,47,65,519.64,2019-11-07,14:13:08
436,973,4,[1 2],1845,89,49,7.73,2019-11-07,14:13:08
437,445,4,[1],1518,113,24,17.32,2019-11-07,14:13:08
438,921,4,[1 2 3 4],321,691,121,1682.81,2019-11-07,14:13:08
439,720,5,[1 2 3 4 5 6 7 8 9],1721,719,236,98.76,2019-11-07,14:13:08
440,932,5,[1 2 3 4 5 6],254,553,237,11.94,2019-11-07,14:13:08
441,231,5,[1 2 3],1177,808,126,13.47,2019-11-07,14:13:08
442,458,5,[1 2 3 4],708,485,174,14.98,2019-11-07,14:13:08
443,569,5,[1 2],22,972,22,26.55,2019-11-07,14:13:08
444,403,5,[1],1263,130,177,22.24,2019-11-07,14:13:08
445,370,5,[1 2 3 4],884,398,14,37.99,2019-11-07,14:13:08
446,78,6,[1 2 3 4 5 6 7 8 9],1414,688,58,64.27,2019-11-07,14:13:08
447,270,6,[1 2 3 4 5 6],1212,274,178,7.15,2019-11-07,14:13:08
448,795,6,[1 2 3],1471,173,217,313.53,2019-11-07,14:13:08
449,173,6,[1 2 3 4],3483,551,76,15.17,2019-11-07,14:13:08
450,883,6,[1 2],562,264,23,1897.07,2019-11-07,14:13:08
451,368,6,[1],2476,288,4,25.23,2019-11-07,14:13:08
452,124,6,[1 2 3 4],2878,966,115,7.16,2019-11-07,14:13:08
453,206,0,[1 2 3 4 5],587,194,19,13.99,2015-05-09,01:56:26
454,501,0,[1 2 3 4 5 6],3685,487,202,15.76,2015-05-09,01:56:26
455,484,0,[1 2 3 4 5 6 7 8],2485,434,134,10.96,2015-05-09,01:56:26
456,980,0,[1 2 3 4 5 6 7 8],3241,498,75,27.02,2015-05-09,01:56:26
457,392,0,[ 1  2  3  4  5  6  7  8  9 10],255,679,235,9.0,2015-05-09,01:56:26
458,398,1,[1 2 3 4 5],441,709,170,112.72,2015-05-09,01:56:26
459,438,1,[1 2 3 4 5 6],1350,778,40,86.13,2015-05-09,01:56:26
460,547,1,[1 2 3 4 5 6 7 8],3183,32,27,333.49,2015-05-09,01:56:26
461,490,1,[1 2 3 4 5 6 7 8],3708,37,64,42.21,2015-05-09,01:56:26
462,877,1,[ 1  2  3  4  5  6  7  8  9 10],1852,761,98,26.31,2015-05-09,01:56:26
463,441,2,[1 2 3 4 5],3368,675,131,95.71,2015-05-09,01:56:26
464,180,2,[1 2 3 4 5 6],1181,88,70,9.67,2015-05-09,01:56:26
465,327,2,[1 2 3 4 5 6 7 8],2485,434,45,10.96,2015-05-09,01:56:26
466,577,2,[1 2 3 4 5 6 7 8],2200,627,175,365.69,2015-05-09,01:56:26
467,534,2,[ 1  2  3  4  5  6  7  8  9 10],428,754,116,8.13,2015-05-09,01:56:26
468,422,3,[1 2 3 4 5],2578,113,237,19.29,2015-05-09,01:56:26
469,253,3,[1 2 3 4 5 6],2720,432,241,18.51,2015-05-09,01:56:26
470,802,3,[1 2 3 4 5 6 7 8],2074,762,122,10.17,2015-05-09,01:56:26
471,85,3,[1 2 3 4 5 6 7 8],1089,665,238,23.09,2015-05-09,01:56:26
472,571,3,[ 1  2  3  4  5  6  7  8  9 10],2544,530,238,15.37,2015-05-09,01:56:26
473,8,4,[1 2 3 4 5],3654,304,122,42.7,2015-05-09,01:56:26
474,297,4,[1 2 3 4 5 6],424,464,238,13.32,2015-05-09,01:56:26
475,427,4,[1 2 3 4 5 6 7 8],884,398,207,37.99,2015-05-09,01:56:26
476,267,4,[1 2 3 4 5 6 7 8],3553,54,112,126.13,2015-05-09,01:56:26
477,236,4,[ 1  2  3  4  5  6  7  8  9 10],390,799,90,26.75,2015-05-09,01:56:26
478,935,0,[1 2 3 4 5 6 7],1541,456,7,12.75,2008-09-22,15:25:50
479,213,0,[1 2 3],3312,341,71,160.84,2004-02-27,10:24:41
480,855,0,[ 1  2  3  4  5  6  7  8  9 10 11 12],1955,160,196,16.57,2004-02-27,10:24:41
481,653,1,[1 2 3],2057,877,146,34.63,2004-02-27,10:24:41
482,204,1,[ 1  2  3  4  5  6  7  8  9 10 11 12],2080,322,81,49.45,2004-02-27,10:24:41
483,844,0,[1 2],3279,48,95,34.9,2000-06-04,02:41:24
484,271,0,[1 2 3 4 5 6 7 8 9],3654,482,143,47.94,2000-06-04,02:41:24
485,636,0,[1 2 3],3103,761,196,52.06,2000-06-04,02:41:24
486,162,0,[1 2 3],2695,376,58,15.0,2000-06-04,02:41:24
487,430,0,[1 2 3 4 5 6 7 8 9],1851,10,47,18.17,2000-06-04,02:41:24
488,295,0,[1 2 3 4],2370,965,10,850.21,2000-06-04,02:41:24
489,878,0,[1 2 3],1490,167,217,16.93,2000-06-04,02:41:24
490,704,0,[1 2 3],3117,435,250,498.19,2000-06-04,02:41:24
491,204,1,[1 2],3610,155,65,7.65,2000-06-04,02:41:24
492,234,1,[1 2 3 4 5 6 7 8 9],3236,463,200,15.34,2000-06-04,02:41:24
493,529,1,[1 2 3],2938,634,153,33.73,2000-06-04,02:41:24
494,391,1,[1 2 3],2801,822,85,28.61,2000-06-04,02:41:24
495,665,1,[1 2 3 4 5 6 7 8 9],761,496,199,13.99,2000-06-04,02:41:24
496,391,1,[1 2 3 4],1294,885,31,22.13,2000-06-04,02:41:24
497,709,1,[1 2 3],3551,657,11,124.18,2000-06-04,02:41:24
498,916,1,[1 2 3],3152,422,187,24.37,2000-06-04,02:41:24
499,385,2,[1 2],71,269,128,14.72,2000-06-04,02:41:24
500,165,2,[1 2 3 4 5 6 7 8 9],3265,276,113,7.94,2000-06-04,02:41:24
501,366,2,[1 2 3],424,800,159,14.98,2000-06-04,02:41:24
502,851,2,[1 2 3],308,982,84,11.93,2000-06-04,02:41:24
503,893,2,[1 2 3 4 5 6 7 8 9],2726,455,75,6.01,2000-06-04,02:41:24
504,860,2,[1 2 3 4],1439,212,114,15.21,2000-06-04,02:41:24
505,390,2,[1 2 3],2158,948,49,126.86,2000-06-04,02:41:24
506,798,2,[1 2 3],2398,321,81,113.04,2000-06-04,02:41:24
507,806,3,[1 2],732,315,124,27.29,2000-06-04,02:41:24
508,70,3,[1 2 3 4 5 6 7 8 9],3010,358,183,15.77,2000-06-04,02:41:24
509,345,3,[1 2 3],1234,865,96,1215.04,2000-06-04,02:41:24
510,219,3,[1 2 3],9,486,81,5.57,2000-06-04,02:41:24
511,798,3,[1 2 3 4 5 6 7 8 9],3706,147,207,10.25,2000-06-04,02:41:24
512,175,3,[1 2 3 4],311,250,188,68.39,2000-06-04,02:41:24
513,74,3,[1 2 3],2870,965,30,26.61,2000-06-04,02:41:24
514,781,3,[1 2 3],1400,967,141,14.4,2000-06-04,02:41:24
515,468,4,[1 2],975,616,145,26.3,2000-06-04,02:41:24
516,216,4,[1 2 3 4 5 6 7 8 9],562,291,116,1973.86,2000-06-04,02:41:24
517,406,4,[1 2 3],2671,449,113,14.35,2000-06-04,02:41:24
518,785,4,[1 2 3],2365,376,205,208.37,2000-06-04,02:41:24
519,444,4,[1 2 3 4 5 6 7 8 9],3269,881,48,10.42,2000-06-04,02:41:24
520,202,4,[1 2 3 4],3118,551,247,227.95,2000-06-04,02:41:24
521,992,4,[1 2 3],826,645,128,86.52,2000-06-04,02:41:24
522,620,4,[1 2 3],1792,255,175,8.64,2000-06-04,02:41:24
523,25,5,[1 2],1467,272,237,16.67,2000-06-04,02:41:24
524,359,5,[1 2 3 4 5 6 7 8 9],2267,450,77,98.2,2000-06-04,02:41:24
525,332,5,[1 2 3],2465,924,61,84.08,2000-06-04,02:41:24
526,203,5,[1 2 3],379,836,244,45.77,2000-06-04,02:41:24
527,44,5,[1 2 3 4 5 6 7 8 9],610,754,209,110.22,2000-06-04,02:41:24
528,788,5,[1 2 3 4],3355,221,232,20.12,2000-06-04,02:41:24
529,601,5,[1 2 3],3434,192,178,50.44,2000-06-04,02:41:24
530,546,5,[1 2 3],392,826,233,8.33,2000-06-04,02:41:24
531,942,6,[1 2],1105,52,142,46.57,2000-06-04,02:41:24
532,742,6,[1 2 3 4 5 6 7 8 9],3427,839,133,127.99,2000-06-04,02:41:24
533,284,6,[1 2 3],1163,267,217,15.14,2000-06-04,02:41:24
534,374,6,[1 2 3],1273,535,74,65.67,2000-06-04,02:41:24
535,573,6,[1 2 3 4 5 6 7 8 9],3427,638,62,124.2,2000-06-04,02:41:24
536,550,6,[1 2 3 4],2752,249,51,10.53,2000-06-04,02:41:24
537,417,6,[1 2 3],779,8,130,107.51,2000-06-04,02:41:24
538,721,6,[1 2 3],499,28,15,5.11,2000-06-04,02:41:24
539,941,7,[1 2],2291,684,124,544.23,2000-06-04,02:41:24
540,336,7,[1 2 3 4 5 6 7 8 9],513,364,188,14.73,2000-06-04,02:41:24
541,630,7,[1 2 3],762,863,77,223.53,2000-06-04,02:41:24
542,371,7,[1 2 3],696,995,131,15.17,2000-06-04,02:41:24
543,391,7,[1 2 3 4 5 6 7 8 9],2211,406,249,157.69,2000-06-04,02:41:24
544,852,7,[1 2 3 4],2905,953,185,38.61,2000-06-04,02:41:24
545,447,7,[1 2 3],1380,958,228,28.95,2000-06-04,02:41:24
546,421,7,[1 2 3],874,347,43,2202.47,2000-06-04,02:41:24
547,11,0,[1],2375,998,23,160.28,2022-12-10,23:39:52
548,972,0,[1 2],720,778,125,116.13,2014-05-17,15:01:52
549,493,0,[ 1  2  3  4  5  6  7  8  9 10 11 12],309,486,125,8.23,2014-05-17,15:01:52
550,442,0,[1 2 3 4 5 6],3342,978,54,42.51,2014-05-17,15:01:52
551,350,0,[ 1  2  3  4  5  6  7  8  9 10 11],1073,441,179,35.78,2014-05-17,15:01:52
552,106,1,[1 2],3217,576,72,18.64,2014-05-17,15:01:52
553,846,1,[ 1  2  3  4  5  6  7  8  9 10 11 12],1774,513,236,100.33,2014-05-17,15:01:52
554,479,1,[1 2 3 4 5 6],77,198,103,36.63,2014-05-17,15:01:52
555,334,1,[ 1  2  3  4  5  6  7  8  9 10 11],2686,525,129,44.02,2014-05-17,15:01:52
556,881,2,[1 2],2319,623,187,30.2,2014-05-17,15:01:52
557,715,2,[ 1  2  3  4  5  6  7  8  9 10 11 12],121,332,113,15.88,2014-05-17,15:01:52
558,568,2,[1 2 3 4 5 6],3499,333,153,42.47,2014-05-17,15:01:52
559,274,2,[ 1  2  3  4  5  6  7  8  9 10 11],2351,908,206,211.42,2014-05-17,15:01:52
560,629,3,[1 2],2671,896,122,14.68,2014-05-17,15:01:52
561,942,3,[ 1  2  3  4  5  6  7  8  9 10 11 12],199,693,210,11.33,2014-05-17,15:01:52
562,361,3,[1 2 3 4 5 6],1383,201,7,13.46,2014-05-17,15:01:52
563,761,3,[ 1  2  3  4  5  6  7  8  9 10 11],1467,272,24,16.67,2014-05-17,15:01:52
564,170,0,[1 2],434,985,186,13.56,2013-04-14,04:35:22
565,92,0,[1 2 3 4 5],2545,932,68,13.67,2013-04-14,04:35:22
566,207,0,[1 2 3 4],703,400,22,18.77,2013-04-14,04:35:22
567,8,0,[ 1  2  3  4  5  6  7  8  9 10 11],879,624,9,58.91,2013-04-14,04:35:22
568,104,0,[1 2 3 4 5],1027,389,154,44.67,2013-04-14,04:35:22
569,869,0,[ 1  2  3  4  5  6  7  8  9 10 11],1068,492,5,42.97,2013-04-14,04:35:22
570,493,0,[1],1369,454,220,769.87,2013-04-14,04:35:22
571,194,0,[1 2 3 4 5 6 7],1150,88,178,16.65,2013-04-14,04:35:22
572,874,1,[1 2],2801,196,175,25.05,2013-04-14,04:35:22
573,528,1,[1 2 3 4 5],2719,685,245,16.38,2013-04-14,04:35:22
574,481,1,[1 2 3 4],174,939,8,9.32,2013-04-14,04:35:22
575,919,1,[ 1  2  3  4  5  6  7  8  9 10 11],2099,235,13,11.12,2013-04-14,04:35:22
576,782,1,[1 2 3 4 5],2201,443,146,255.63,2013-04-14,04:35:22
577,198,1,[ 1  2  3  4  5  6  7  8  9 10 11],2986,472,9,96.57,2013-04-14,04:35:22
578,68,1,[1],3440,295,166,8.0,2013-04-14,04:35:22
579,220,1,[1 2 3 4 5 6 7],1046,69,217,7.77,2013-04-14,04:35:22
580,399,2,[1 2],609,463,91,44.51,2013-04-14,04:35:22
581,3,2,[1 2 3 4 5],1633,685,149,15.7,2013-04-14,04:35:22
582,898,2,[1 2 3 4],1939,938,221,23.29,2013-04-14,04:35:22
583,880,2,[ 1  2  3  4  5  6  7  8  9 10 11],1264,611,100,91.58,2013-04-14,04:35:22
584,301,2,[1 2 3 4 5],3703,135,89,14.16,2013-04-14,04:35:22
585,0,2,[ 1  2  3  4  5  6  7  8  9 10 11],3187,527,98,16.17,2013-04-14,04:35:22
586,501,2,[1],1101,509,71,14.98,2013-04-14,04:35:22
587,257,2,[1 2 3 4 5 6 7],2799,990,47,936.95,2013-04-14,04:35:22
588,924,3,[1 2],2159,710,91,208.86,2013-04-14,04:35:22
589,661,3,[1 2 3 4 5],533,998,135,272.91,2013-04-14,04:35:22
590,194,3,[1 2 3 4],2444,802,85,201.51,2013-04-14,04:35:22
591,118,3,[ 1  2  3  4  5  6  7  8  9 10 11],2632,549,236,21.77,2013-04-14,04:35:22
592,707,3,[1 2 3 4 5],3524,444,222,215.11,2013-04-14,04:35:22
593,223,3,[ 1  2  3  4  5  6  7  8  9 10 11],833,949,40,11.42,2013-04-14,04:35:22
594,898,3,[1],2619,982,198,215.34,2013-04-14,04:35:22
595,420,3,[1 2 3 4 5 6 7],1473,986,77,17.56,2013-04-14,04:35:22
596,942,4,[1 2],354,752,184,14.36,2013-04-14,04:35:22
597,529,4,[1 2 3 4 5],1011,207,247,1436.87,2013-04-14,04:35:22
598,754,4,[1 2 3 4],2317,591,47,403.27,2013-04-14,04:35:22
599,891,4,[ 1  2  3  4  5  6  7  8  9 10 11],1960,47,44,10.74,2013-04-14,04:35:22
600,290,4,[1 2 3 4 5],3328,927,47,18.46,2013-04-14,04:35:22
601,537,4,[ 1  2  3  4  5  6  7  8  9 10 11],2817,742,240,35.47,2013-04-14,04:35:22
602,709,4,[1],2867,104,72,83.26,2013-04-14,04:35:22
603,9,4,[1 2 3 4 5 6 7],3561,393,109,32.17,2013-04-14,04:35:22
604,80,5,[1 2],3651,492,234,46.12,2013-04-14,04:35:22
605,384,5,[1 2 3 4 5],3416,459,148,13.17,2013-04-14,04:35:22
606,780,5,[1 2 3 4],2202,434,118,34.75,2013-04-14,04:35:22
607,892,5,[ 1  2  3  4  5  6  7  8  9 10 11],1882,532,189,7.45,2013-04-14,04:35:22
608,718,5,[1 2 3 4 5],197,569,179,11.16,2013-04-14,04:35:22
609,762,5,[ 1  2  3  4  5  6  7  8  9 10 11],925,633,169,20.63,2013-04-14,04:35:22
610,789,5,[1],1444,683,139,16.89,2013-04-14,04:35:22
611,116,5,[1 2 3 4 5 6 7],801,167,99,49.33,2013-04-14,04:35:22
612,974,6,[1 2],3319,982,100,173.96,2013-04-14,04:35:22
613,15,6,[1 2 3 4 5],508,257,171,46.61,2013-04-14,04:35:22
614,683,6,[1 2 3 4],809,65,243,14.64,2013-04-14,04:35:22
615,823,6,[ 1  2  3  4  5  6  7  8  9 10 11],2096,492,54,48.56,2013-04-14,04:35:22
616,382,6,[1 2 3 4 5],348,99,130,932.88,2013-04-14,04:35:22
617,873,6,[ 1  2  3  4  5  6  7  8  9 10 11],1140,994,235,1686.64,2013-04-14,04:35:22
618,559,6,[1],2494,378,157,141.49,2013-04-14,04:35:22
619,335,6,[1 2 3 4 5 6 7],2165,437,224,673.64,2013-04-14,04:35:22
620,210,7,[1 2],1022,766,57,21.16,2013-04-14,04:35:22
621,16,7,[1 2 3 4 5],2011,480,192,7.99,2013-04-14,04:35:22
622,149,7,[1 2 3 4],3120,727,35,21.72,2013-04-14,04:35:22
623,519,7,[ 1  2  3  4  5  6  7  8  9 10 11],2954,298,28,17.76,2013-04-14,04:35:22
624,93,7,[1 2 3 4 5],2401,784,151,277.71,2013-04-14,04:35:22
625,812,7,[ 1  2  3  4  5  6  7  8  9 10 11],1730,191,35,17.13,2013-04-14,04:35:22
626,541,7,[1],387,473,6,18.02,2013-04-14,04:35:22
627,374,7,[1 2 3 4 5 6 7],306,936,127,11.58,2013-04-14,04:35:22
628,139,0,[ 1  2  3  4  5  6  7  8  9 10 11 12],870,414,168,1919.61,2016-09-16,19:25:12
629,375,0,[ 1  2  3  4  5  6  7  8  9 10 11],1570,816,45,40.35,2016-09-16,19:25:12
630,337,0,[1 2 3 4 5 6],3447,763,186,14.28,2016-09-16,19:25:12
631,74,0,[1 2 3 4 5 6 7],2391,213,26,876.95,2016-09-16,19:25:12
632,219,1,[ 1  2  3  4  5  6  7  8  9 10 11 12],1266,998,4,57.24,2016-09-16,19:25:12
633,691,1,[ 1  2  3  4  5  6  7  8  9 10 11],329,85,234,18.46,2016-09-16,19:25:12
634,539,1,[1 2 3 4 5 6],2894,34,123,19.07,2016-09-16,19:25:12
635,629,1,[1 2 3 4 5 6 7],2742,318,78,72.86,2016-09-16,19:25:12
636,596,2,[ 1  2  3  4  5  6  7  8  9 10 11 12],1175,625,12,62.53,2016-09-16,19:25:12
637,567,2,[ 1  2  3  4  5  6  7  8  9 10 11],2671,913,152,16.92,2016-09-16,19:25:12
638,977,2,[1 2 3 4 5 6],554,168,196,8.14,2016-09-16,19:25:12
639,28,2,[1 2 3 4 5 6 7],3737,126,90,11.72,2016-09-16,19:25:12
640,524,3,[ 1  2  3  4  5  6  7  8  9 10 11 12],1926,850,69,11.43,2016-09-16,19:25:12
641,287,3,[ 1  2  3  4  5  6  7  8  9 10 11],782,949,191,201.55,2016-09-16,19:25:12
642,805,3,[1 2 3 4 5 6],395,134,36,1019.48,2016-09-16,19:25:12
643,536,3,[1 2 3 4 5 6 7],3601,560,80,8.47,2016-09-16,19:25:12
644,957,0,[1 2],3063,182,248,73.56,2022-11-21,10:24:29
645,234,0,[ 1  2  3  4  5  6  7  8  9 10],3353,60,223,30.25,2004-11-26,19:20:27
646,672,0,[1 2 3],270,515,126,11.68,2004-11-26,19:20:27
647,193,0,[1 2 3 4 5 6 7 8],1622,429,242,17.01,2004-11-26,19:20:27
648,87,1,[ 1  2  3  4  5  6  7  8  9 10],2055,99,200,32.31,2004-11-26,19:20:27
649,466,1,[1 2 3],767,985,42,595.3,2004-11-26,19:20:27
650,698,1,[1 2 3 4 5 6 7 8],1335,761,3,28.3,2004-11-26,19:20:27
651,462,2,[ 1  2  3  4  5  6  7  8  9 10],2216,802,98,161.04,2004-11-26,19:20:27
652,737,2,[1 2 3],3609,958,214,23.86,2004-11-26,19:20:27
653,518,2,[1 2 3 4 5 6 7 8],2096,670,231,43.7,2004-11-26,19:20:27
654,230,0,[ 1  2  3  4  5  6  7  8  9 10 11 12],989,663,131,18.3,2014-03-23,21:34:12
655,604,0,[ 1  2  3  4  5  6  7  8  9 10 11 12],696,574,45,11.62,2014-03-23,21:34:12
656,435,0,[ 1  2  3  4  5  6  7  8  9 10 11],3513,423,164,23.93,2014-03-23,21:34:12
657,710,0,[ 1  2  3  4  5  6  7  8  9 10 11],2115,359,240,272.7,2014-03-23,21:34:12
658,934,0,[1 2 3 4 5 6],1296,387,190,10.08,2014-03-23,21:34:12
659,887,0,[1 2 3 4 5 6 7 8],950,459,162,303.22,2014-03-23,21:34:12
660,58,1,[ 1  2  3  4  5  6  7  8  9 10 11 12],3667,516,183,19.43,2014-03-23,21:34:12
661,623,1,[ 1  2  3  4  5  6  7  8  9 10 11 12],2353,827,250,1593.69,2014-03-23,21:34:12
662,414,1,[ 1  2  3  4  5  6  7  8  9 10 11],492,715,145,70.21,2014-03-23,21:34:12
663,139,1,[ 1  2  3  4  5  6  7  8  9 10 11],1810,963,236,486.98,2014-03-23,21:34:12
664,149,1,[1 2 3 4 5 6],1969,719,105,30.49,2014-03-23,21:34:12
665,566,1,[1 2 3 4 5 6 7 8],3654,522,230,42.32,2014-03-23,21:34:12
666,403,2,[ 1  2  3  4  5  6  7  8  9 10 11 12],1200,395,208,144.56,2014-03-23,21:34:12
667,754,2,[ 1  2  3  4  5  6  7  8  9 10 11 12],1558,269,197,29.09,2014-03-23,21:34:12
668,142,2,[ 1  2  3  4  5  6  7  8  9 10 11],861,398,114,16.3,2014-03-23,21:34:12
669,31,2,[ 1  2  3  4  5  6  7  8  9 10 11],2852,915,121,16.58,2014-03-23,21:34:12
670,526,2,[1 2 3 4 5 6],2556,7,27,22.35,2014-03-23,21:34:12
671,764,2,[1 2 3 4 5 6 7 8],1281,462,162,72.73,2014-03-23,21:34:12
672,327,3,[ 1  2  3  4  5  6  7  8  9 10 11 12],3396,572,225,65.28,2014-03-23,21:34:12
673,198,3,[ 1  2  3  4  5  6  7  8  9 10 11 12],1931,133,227,8.82,2014-03-23,21:34:12
674,906,3,[ 1  2  3  4  5  6  7  8  9 10 11],1363,576,225,22.28,2014-03-23,21:34:12
675,445,3,[ 1  2  3  4  5  6  7  8  9 10 11],992,315,244,12.01,2014-03-23,21:34:12
676,742,3,[1 2 3 4 5 6],3383,975,176,11.65,2014-03-23,21:34:12
677,600,3,[1 2 3 4 5 6 7 8],2425,787,59,987.17,2014-03-23,21:34:12
678,795,4,[ 1  2  3  4  5  6  7  8  9 10 11 12],951,766,9,32.14,2014-03-23,21:34:12
679,155,4,[ 1  2  3  4  5  6  7  8  9 10 11 12],1505,818,50,15.42,2014-03-23,21:34:12
680,683,4,[ 1  2  3  4  5  6  7  8  9 10 11],187,709,87,21.71,2014-03-23,21:34:12
681,658,4,[ 1  2  3  4  5  6  7  8  9 10 11],1984,442,61,11.06,2014-03-23,21:34:12
682,726,4,[1 2 3 4 5 6],1931,96,213,8.96,2014-03-23,21:34:12
683,524,4,[1 2 3 4 5 6 7 8],1394,130,207,14.16,2014-03-23,21:34:12
684,672,5,[ 1  2  3  4  5  6  7  8  9 10 11 12],3352,64,82,13.45,2014-03-23,21:34:12
685,901,5,[ 1  2  3  4  5  6  7  8  9 10 11 12],1143,560,19,192.94,2014-03-23,21:34:12
686,780,5,[ 1  2  3  4  5  6  7  8  9 10 11],1979,234,149,19.77,2014-03-23,21:34:12
687,590,5,[ 1  2  3  4  5  6  7  8  9 10 11],720,112,119,133.96,2014-03-23,21:34:12
688,470,5,[1 2 3 4 5 6],1619,198,165,6.62,2014-03-23,21:34:12
689,317,5,[1 2 3 4 5 6 7 8],3753,539,55,40.27,2014-03-23,21:34:12
690,506,0,[1 2 3 4 5 6 7 8 9],1706,579,121,14.93,2003-04-24,05:46:26
691,343,0,[ 1  2  3  4  5  6  7  8  9 10 11],621,556,171,29.04,2004-08-11,10:39:15
692,316,0,[1 2],2955,58,132,128.4,2021-06-03,13:57:53
693,318,0,[1 2 3 4],2544,335,110,16.61,2021-06-03,13:57:53
694,790,0,[1 2 3 4 5 6 7 8],945,207,162,16.29,2021-06-03,13:57:53
695,606,1,[1 2],2768,316,32,28.78,2021-06-03,13:57:53
696,954,1,[1 2 3 4],3734,105,239,28.55,2021-06-03,13:57:53
697,615,1,[1 2 3 4 5 6 7 8],1790,225,152,62.92,2021-06-03,13:57:53
698,399,2,[1 2],1768,416,223,17.71,2021-06-03,13:57:53
699,160,2,[1 2 3 4],686,406,162,56.44,2021-06-03,13:57:53
700,935,2,[1 2 3 4 5 6 7 8],2189,172,198,551.01,2021-06-03,13:57:53
701,552,0,[1 2 3 4 5],1566,937,76,17.23,2002-03-23,14:55:30
702,863,0,[1 2 3 4 5],23,762,51,17.84,2002-03-23,14:55:30
703,147,0,[ 1  2  3  4  5  6  7  8  9 10 11],537,161,171,20.36,2002-03-23,14:55:30
704,213,0,[1 2 3 4],2737,149,77,76.0,2002-03-23,14:55:30
705,101,0,[ 1  2  3  4  5  6  7  8  9 10],2681,931,59,13.26,2002-03-23,14:55:30
706,238,0,[1 2 3 4 5 6 7 8],484,574,241,16.04,2002-03-23,14:55:30
707,288,0,[1 2 3 4 5 6 7 8],2427,514,75,14.07,2002-03-23,14:55:30
708,347,1,[1 2 3 4 5],1141,152,145,11.35,2002-03-23,14:55:30
709,804,1,[1 2 3 4 5],2475,217,152,18.39,2002-03-23,14:55:30
710,467,1,[ 1  2  3  4  5  6  7  8  9 10 11],2387,4,249,614.53,2002-03-23,14:55:30
711,331,1,[1 2 3 4],3008,751,161,93.03,2002-03-23,14:55:30
712,927,1,[ 1  2  3  4  5  6  7  8  9 10],2508,485,209,125.25,2002-03-23,14:55:30
713,332,1,[1 2 3 4 5 6 7 8],2964,617,214,10.44,2002-03-23,14:55:30
714,672,1,[1 2 3 4 5 6 7 8],3763,97,240,1104.62,2002-03-23,14:55:30
715,229,2,[1 2 3 4 5],819,435,227,27.49,2002-03-23,14:55:30
716,359,2,[1 2 3 4 5],3757,259,238,62.9,2002-03-23,14:55:30
717,258,2,[ 1  2  3  4  5  6  7  8  9 10 11],3050,944,50,63.84,2002-03-23,14:55:30
718,398,2,[1 2 3 4],818,155,240,13.99,2002-03-23,14:55:30
719,853,2,[ 1  2  3  4  5  6  7  8  9 10],796,624,90,51.84,2002-03-23,14:55:30
720,844,2,[1 2 3 4 5 6 7 8],3043,609,159,209.69,2002-03-23,14:55:30
721,368,2,[1 2 3 4 5 6 7 8],3275,302,179,31.71,2002-03-23,14:55:30
722,240,3,[1 2 3 4 5],261,156,120,6.28,2002-03-23,14:55:30
723,120,3,[1 2 3 4 5],3715,905,95,19.7,2002-03-23,14:55:30
724,12,3,[ 1  2  3  4  5  6  7  8  9 10 11],2839,52,30,223.68,2002-03-23,14:55:30
725,506,3,[1 2 3 4],1621,76,200,15.74,2002-03-23,14:55:30
726,58,3,[ 1  2  3  4  5  6  7  8  9 10],3576,762,106,15.67,2002-03-23,14:55:30
727,827,3,[1 2 3 4 5 6 7 8],1121,381,190,50.48,2002-03-23,14:55:30
728,902,3,[1 2 3 4 5 6 7 8],2321,875,250,199.23,2002-03-23,14:55:30
729,278,4,[1 2 3 4 5],1707,19,34,9.47,2002-03-23,14:55:30
730,640,4,[1 2 3 4 5],1528,468,221,15.49,2002-03-23,14:55:30
731,124,4,[ 1  2  3  4  5  6  7  8  9 10 11],76,987,226,11.76,2002-03-23,14:55:30
732,786,4,[1 2 3 4],3540,149,217,472.16,2002-03-23,14:55:30
733,334,4,[ 1  2  3  4  5  6  7  8  9 10],2737,479,110,65.95,2002-03-23,14:55:30
734,267,4,[1 2 3 4 5 6 7 8],2647,52,10,133.68,2002-03-23,14:55:30
735,750,4,[1 2 3 4 5 6 7 8],2042,320,110,13.69,2002-03-23,14:55:30
736,669,5,[1 2 3 4 5],2451,926,36,29.85,2002-03-23,14:55:30
737,820,5,[1 2 3 4 5],1739,743,198,24.53,2002-03-23,14:55:30
738,576,5,[ 1  2  3  4  5  6  7  8  9 10 11],1434,805,11,10.9,2002-03-23,14:55:30
739,122,5,[1 2 3 4],309,565,186,8.34,2002-03-23,14:55:30
740,648,5,[ 1  2  3  4  5  6  7  8  9 10],2094,770,238,45.16,2002-03-23,14:55:30
741,773,5,[1 2 3 4 5 6 7 8],3412,686,107,8.05,2002-03-23,14:55:30
742,585,5,[1 2 3 4 5 6 7 8],2071,950,93,8.81,2002-03-23,14:55:30
743,553,6,[1 2 3 4 5],2368,637,31,57.57,2002-03-23,14:55:30
744,156,6,[1 2 3 4 5],891,814,171,358.04,2002-03-23,14:55:30
745,32,6,[ 1  2  3  4  5  6  7  8  9 10 11],2288,518,157,53.43,2002-03-23,14:55:30
746,406,6,[1 2 3 4],1390,238,230,16.33,2002-03-23,14:55:30
747,300,6,[ 1  2  3  4  5  6  7  8  9 10],973,101,97,842.64,2002-03-23,14:55:30
748,523,6,[1 2 3 4 5 6 7 8],590,90,8,18.89,2002-03-23,14:55:30
749,876,6,[1 2 3 4 5 6 7 8],591,18,221,14.75,2002-03-23,14:55:30
750,709,0,[1 2 3 4 5],1037,412,159,71.66,2008-10-13,13:40:10
751,930,0,[1 2 3],2894,909,160,18.36,2012-05-20,11:29:13
752,174,0,[ 1  2  3  4  5  6  7  8  9 10 11],2936,332,87,65.66,2012-05-20,11:29:13
753,121,0,[1],491,593,62,38.5,2012-05-20,11:29:13
754,780,0,[1 2 3 4],2543,382,50,107.29,2012-05-20,11:29:13
755,758,1,[1 2 3],2328,470,142,111.71,2012-05-20,11:29:13
756,315,1,[ 1  2  3  4  5  6  7  8  9 10 11],916,567,162,12.21,2012-05-20,11:29:13
757,550,1,[1],2241,657,57,197.08,2012-05-20,11:29:13
758,632,1,[1 2 3 4],3557,3,103,35.93,2012-05-20,11:29:13
759,197,2,[1 2 3],496,747,179,12.4,2012-05-20,11:29:13
760,993,2,[ 1  2  3  4  5  6  7  8  9 10 11],2759,425,57,76.97,2012-05-20,11:29:13
761,247,2,[1],600,391,45,33.38,2012-05-20,11:29:13
762,691,2,[1 2 3 4],3517,799,2,21.52,2012-05-20,11:29:13
763,127,3,[1 2 3],2803,499,163,303.37,2012-05-20,11:29:13
764,99,3,[ 1  2  3  4  5  6  7  8  9 10 11],437,996,101,25.71,2012-05-20,11:29:13
765,756,3,[1],2948,975,59,29.6,2012-05-20,11:29:13
766,180,3,[1 2 3 4],2501,732,202,7.2,2012-05-20,11:29:13
767,158,0,[1 2 3 4 5 6 7],1365,379,232,57.24,2016-02-07,14:50:40
768,186,0,[1 2 3 4 5 6],3453,405,137,90.92,2016-02-07,14:50:40
769,353,0,[1 2 3 4 5 6 7 8 9],1336,447,180,16.16,2016-02-07,14:50:40
770,627,0,[1 2 3 4],1439,528,69,16.77,2016-02-07,14:50:40
771,359,0,[ 1  2  3  4  5  6  7  8  9 10 11],969,773,17,70.95,2016-02-07,14:50:40
772,479,0,[ 1  2  3  4  5  6  7  8  9 10],2692,899,23,10.4,2016-02-07,14:50:40
773,707,0,[ 1  2  3  4  5  6  7  8  9 10 11 12],1591,114,102,20.63,2016-02-07,14:50:40
774,524,1,[1 2 3 4 5 6 7],1962,213,50,8.94,2016-02-07,14:50:40
775,46,1,[1 2 3 4 5 6],2837,734,18,14.11,2016-02-07,14:50:40
776,571,1,[1 2 3 4 5 6 7 8 9],1164,140,67,15.96,2016-02-07,14:50:40
777,996,1,[1 2 3 4],2645,738,104,17.6,2016-02-07,14:50:40
778,906,1,[ 1  2  3  4  5  6  7  8  9 10 11],3333,954,95,96.96,2016-02-07,14:50:40
779,464,1,[ 1  2  3  4  5  6  7  8  9 10],1617,167,27,28.27,2016-02-07,14:50:40
780,405,1,[ 1  2  3  4  5  6  7  8  9 10 11 12],2836,756,152,205.84,2016-02-07,14:50:40
781,590,2,[1 2 3 4 5 6 7],3078,833,244,14.59,2016-02-07,14:50:40
782,839,2,[1 2 3 4 5 6],2300,587,215,66.77,2016-02-07,14:50:40
783,9,2,[1 2 3 4 5 6 7 8 9],2346,74,146,252.5,2016-02-07,14:50:40
784,442,2,[1 2 3 4],1810,343,230,497.49,2016-02-07,14:50:40
785,431,2,[ 1  2  3  4  5  6  7  8  9 10 11],3006,914,162,15.73,2016-02-07,14:50:40
786,817,2,[ 1  2  3  4  5  6  7  8  9 10],1739,119,202,22.48,2016-02-07,14:50:40
787,218,2,[ 1  2  3  4  5  6  7  8  9 10 11 12],2899,395,27,21.56,2016-02-07,14:50:40
788,318,3,[1 2 3 4 5 6 7],3076,914,209,134.41,2016-02-07,14:50:40
789,409,3,[1 2 3 4 5 6],2151,397,245,543.37,2016-02-07,14:50:40
790,947,3,[1 2 3 4 5 6 7 8 9],740,741,136,68.99,2016-02-07,14:50:40
791,390,3,[1 2 3 4],1277,825,54,9.44,2016-02-07,14:50:40
792,470,3,[ 1  2  3  4  5  6  7  8  9 10 11],2705,584,159,29.63,2016-02-07,14:50:40
793,385,3,[ 1  2  3  4  5  6  7  8  9 10],3472,353,85,5.34,2016-02-07,14:50:40
794,535,3,[ 1  2  3  4  5  6  7  8  9 10 11 12],962,57,147,1508.4,2016-02-07,14:50:40
795,596,4,[1 2 3 4 5 6 7],3779,379,54,10.34,2016-02-07,14:50:40
796,517,4,[1 2 3 4 5 6],3400,380,137,45.32,2016-02-07,14:50:40
797,400,4,[1 2 3 4 5 6 7 8 9],3268,31,181,189.81,2016-02-07,14:50:40
798,417,4,[1 2 3 4],621,868,19,26.42,2016-02-07,14:50:40
799,665,4,[ 1  2  3  4  5  6  7  8  9 10 11],671,636,33,9.66,2016-02-07,14:50:40
800,438,4,[ 1  2  3  4  5  6  7  8  9 10],2520,658,71,21.59,2016-02-07,14:50:40
801,889,4,[ 1  2  3  4  5  6  7  8  9 10 11 12],949,780,190,2322.38,2016-02-07,14:50:40
802,248,5,[1 2 3 4 5 6 7],1926,789,53,12.92,2016-02-07,14:50:40
803,103,5,[1 2 3 4 5 6],1227,378,47,60.29,2016-02-07,14:50:40
804,824,5,[1 2 3 4 5 6 7 8 9],2783,668,186,16.36,2016-02-07,14:50:40
805,816,5,[1 2 3 4],3194,544,183,48.38,2016-02-07,14:50:40
806,941,5,[ 1  2  3  4  5  6  7  8  9 10 11],2676,544,121,75.79,2016-02-07,14:50:40
807,797,5,[ 1  2  3  4  5  6  7  8  9 10],2034,537,139,107.75,2016-02-07,14:50:40
808,861,5,[ 1  2  3  4  5  6  7  8  9 10 11 12],3477,120,180,919.0,2016-02-07,14:50:40
809,669,6,[1 2 3 4 5 6 7],114,294,114,15.47,2016-02-07,14:50:40
810,318,6,[1 2 3 4 5 6],2291,306,29,579.38,2016-02-07,14:50:40
811,586,6,[1 2 3 4 5 6 7 8 9],1066,57,211,1295.93,2016-02-07,14:50:40
812,649,6,[1 2 3 4],2174,190,72,159.96,2016-02-07,14:50:40
813,197,6,[ 1  2  3  4  5  6  7  8  9 10 11],2399,912,217,835.15,2016-02-07,14:50:40
814,405,6,[ 1  2  3  4  5  6  7  8  9 10],3649,162,72,83.12,2016-02-07,14:50:40
815,145,6,[ 1  2  3  4  5  6  7  8  9 10 11 12],2341,832,120,527.3,2016-02-07,14:50:40
816,246,0,[1 2 3 4 5],3179,944,175,37.59,2020-02-01,13:46:02
817,264,0,[1 2 3 4 5 6 7 8],3177,400,226,46.83,2020-02-01,13:46:02
818,835,0,[1 2 3 4 5 6 7 8],819,528,149,27.48,2020-02-01,13:46:02
819,822,0,[1 2],442,563,40,14.36,2020-02-01,13:46:02
820,769,0,[1 2 3 4 5 6 7 8 9],3246,692,249,59.81,2020-02-01,13:46:02
821,856,1,[1 2 3 4 5],3044,409,93,105.52,2020-02-01,13:46:02
822,271,1,[1 2 3 4 5 6 7 8],1142,393,6,51.13,2020-02-01,13:46:02
823,438,1,[1 2 3 4 5 6 7 8],2621,84,136,36.95,2020-02-01,13:46:02
824,292,1,[1 2],1821,84,78,14.64,2020-02-01,13:46:02
825,801,1,[1 2 3 4 5 6 7 8 9],260,332,172,18.24,2020-02-01,13:46:02
826,651,2,[1 2 3 4 5],855,216,34,7.49,2020-02-01,13:46:02
827,72,2,[1 2 3 4 5 6 7 8],2534,817,117,14.21,2020-02-01,13:46:02
828,66,2,[1 2 3 4 5 6 7 8],2976,863,157,92.8,2020-02-01,13:46:02
829,892,2,[1 2],1254,291,238,13.87,2020-02-01,13:46:02
830,636,2,[1 2 3 4 5 6 7 8 9],1114,129,205,17.76,2020-02-01,13:46:02
831,961,3,[1 2 3 4 5],1810,758,11,471.89,2020-02-01,13:46:02
832,433,3,[1 2 3 4 5 6 7 8],1837,894,179,24.16,2020-02-01,13:46:02
833,169,3,[1 2 3 4 5 6 7 8],473,652,27,17.19,2020-02-01,13:46:02
834,892,3,[1 2],2057,790,156,33.31,2020-02-01,13:46:02
835,214,3,[1 2 3 4 5 6 7 8 9],1063,676,106,1150.24,2020-02-01,13:46:02
836,519,4,[1 2 3 4 5],1796,216,32,11.25,2020-02-01,13:46:02
837,497,4,[1 2 3 4 5 6 7 8],2926,989,168,74.48,2020-02-01,13:46:02
838,300,4,[1 2 3 4 5 6 7 8],2225,829,75,32.79,2020-02-01,13:46:02
839,864,4,[1 2],1653,700,198,10.98,2020-02-01,13:46:02
840,670,4,[1 2 3 4 5 6 7 8 9],156,948,221,17.24,2020-02-01,13:46:02
841,834,0,[ 1  2  3  4  5  6  7  8  9 10],502,238,149,42.45,2013-02-18,08:59:44
842,467,0,[1 2 3 4 5],1414,588,232,60.09,2013-02-18,08:59:44
843,100,0,[1 2 3 4],1991,174,238,23.23,2013-02-18,08:59:44
844,860,1,[ 1  2  3  4  5  6  7  8  9 10],1208,259,240,14.56,2013-02-18,08:59:44
845,735,1,[1 2 3 4 5],754,745,27,196.63,2013-02-18,08:59:44
846,861,1,[1 2 3 4],885,557,53,7.9,2013-02-18,08:59:44
847,698,2,[ 1  2  3  4  5  6  7  8  9 10],1848,284,37,8.29,2013-02-18,08:59:44
848,341,2,[1 2 3 4 5],3673,502,87,49.03,2013-02-18,08:59:44
849,473,2,[1 2 3 4],3294,403,137,23.1,2013-02-18,08:59:44
850,105,0,[ 1  2  3  4  5  6  7  8  9 10 11 12],562,697,104,1650.87,2021-03-07,04:02:22
851,485,0,[1 2 3 4 5 6 7 8 9],3254,312,177,39.85,2021-03-07,04:02:22
852,903,0,[ 1  2  3  4  5  6  7  8  9 10 11],2306,668,28,910.48,2021-03-07,04:02:22
853,514,0,[1 2 3 4 5 6 7 8 9],355,212,199,31.6,2021-03-07,04:02:22
854,254,0,[1 2 3 4 5],3662,647,225,129.94,2021-03-07,04:02:22
855,195,0,[1 2 3 4 5],335,600,182,7.38,2021-03-07,04:02:22
856,10,0,[1 2 3 4 5 6 7 8 9],3414,242,142,16.98,2021-03-07,04:02:22
857,51,1,[ 1  2  3  4  5  6  7  8  9 10 11 12],1507,294,199,16.77,2021-03-07,04:02:22
858,28,1,[1 2 3 4 5 6 7 8 9],1430,97,107,8.95,2021-03-07,04:02:22
859,124,1,[ 1  2  3  4  5  6  7  8  9 10 11],3621,279,177,18.6,2021-03-07,04:02:22
860,591,1,[1 2 3 4 5 6 7 8 9],2015,600,145,48.55,2021-03-07,04:02:22
861,187,1,[1 2 3 4 5],3129,659,110,32.03,2021-03-07,04:02:22
862,903,1,[1 2 3 4 5],3335,304,4,38.93,2021-03-07,04:02:22
863,428,1,[1 2 3 4 5 6 7 8 9],345,497,34,17.09,2021-03-07,04:02:22
864,467,2,[ 1  2  3  4  5  6  7  8  9 10 11 12],3633,629,108,89.16,2021-03-07,04:02:22
865,492,2,[1 2 3 4 5 6 7 8 9],2699,903,69,102.24,2021-03-07,04:02:22
866,342,2,[ 1  2  3  4  5  6  7  8  9 10 11],254,54,163,12.45,2021-03-07,04:02:22
867,626,2,[1 2 3 4 5 6 7 8 9],107,382,123,42.4,2021-03-07,04:02:22
868,543,2,[1 2 3 4 5],1814,724,33,14.86,2021-03-07,04:02:22
869,743,2,[1 2 3 4 5],429,569,127,8.13,2021-03-07,04:02:22
870,256,2,[1 2 3 4 5 6 7 8 9],3195,552,174,64.48,2021-03-07,04:02:22
871,455,3,[ 1  2  3  4  5  6  7  8  9 10 11 12],3658,598,187,63.71,2021-03-07,04:02:22
872,522,3,[1 2 3 4 5 6 7 8 9],1607,491,7,42.89,2021-03-07,04:02:22
873,231,3,[ 1  2  3  4  5  6  7  8  9 10 11],562,223,41,1899.58,2021-03-07,04:02:22
874,121,3,[1 2 3 4 5 6 7 8 9],1735,707,232,15.51,2021-03-07,04:02:22
875,533,3,[1 2 3 4 5],864,207,40,92.17,2021-03-07,04:02:22
876,377,3,[1 2 3 4 5],1302,705,74,108.44,2021-03-07,04:02:22
877,264,3,[1 2 3 4 5 6 7 8 9],3153,85,180,50.48,2021-03-07,04:02:22
878,545,4,[ 1  2  3  4  5  6  7  8  9 10 11 12],492,101,57,74.99,2021-03-07,04:02:22
879,109,4,[1 2 3 4 5 6 7 8 9],1812,591,67,16.97,2021-03-07,04:02:22
880,379,4,[ 1  2  3  4  5  6  7  8  9 10 11],2995,493,49,37.85,2021-03-07,04:02:22
881,264,4,[1 2 3 4 5 6 7 8 9],3360,70,138,33.97,2021-03-07,04:02:22
882,302,4,[1 2 3 4 5],1914,34,65,270.76,2021-03-07,04:02:22
883,340,4,[1 2 3 4 5],1668,578,40,8.42,2021-03-07,04:02:22
884,820,4,[1 2 3 4 5 6 7 8 9],1988,369,148,14.3,2021-03-07,04:02:22
885,91,5,[ 1  2  3  4  5  6  7  8  9 10 11 12],2447,843,181,560.08,2021-03-07,04:02:22
886,152,5,[1 2 3 4 5 6 7 8 9],3098,606,89,23.75,2021-03-07,04:02:22
887,319,5,[ 1  2  3  4  5  6  7  8  9 10 11],876,174,129,44.1,2021-03-07,04:02:22
888,927,5,[1 2 3 4 5 6 7 8 9],3078,833,31,14.59,2021-03-07,04:02:22
889,393,5,[1 2 3 4 5],1124,296,17,33.93,2021-03-07,04:02:22
890,341,5,[1 2 3 4 5],2596,979,50,12.07,2021-03-07,04:02:22
891,213,5,[1 2 3 4 5 6 7 8 9],560,36,148,1757.06,2021-03-07,04:02:22
892,511,6,[ 1  2  3  4  5  6  7  8  9 10 11 12],3049,370,218,14.2,2021-03-07,04:02:22
893,597,6,[1 2 3 4 5 6 7 8 9],399,772,126,13.73,2021-03-07,04:02:22
894,374,6,[ 1  2  3  4  5  6  7  8  9 10 11],2715,59,128,12.37,2021-03-07,04:02:22
895,479,6,[1 2 3 4 5 6 7 8 9],3631,6,121,48.16,2021-03-07,04:02:22
896,530,6,[1 2 3 4 5],1398,517,202,146.23,2021-03-07,04:02:22
897,935,6,[1 2 3 4 5],87,233,40,1870.58,2021-03-07,04:02:22
898,904,6,[1 2 3 4 5 6 7 8 9],353,367,97,1002.93,2021-03-07,04:02:22
899,460,0,[1],1864,277,49,9.11,2014-06-25,18:17:41
900,814,0,[1 2 3 4 5],3439,455,69,18.25,2014-06-25,18:17:41
901,787,0,[1 2 3 4 5 6 7],3151,275,243,12.69,2014-06-25,18:17:41
902,819,0,[1 2 3],1245,68,131,1743.65,2014-06-25,18:17:41
903,616,0,[ 1  2  3  4  5  6  7  8  9 10 11 12],2268,330,39,255.63,2014-06-25,18:17:41
904,627,1,[1],2166,72,175,315.45,2014-06-25,18:17:41
905,284,1,[1 2 3 4 5],3165,48,170,118.75,2014-06-25,18:17:41
906,4,1,[1 2 3 4 5 6 7],133,781,151,11.77,2014-06-25,18:17:41
907,763,1,[1 2 3],428,754,224,8.13,2014-06-25,18:17:41
908,306,1,[ 1  2  3  4  5  6  7  8  9 10 11 12],1139,709,45,15.63,2014-06-25,18:17:41
909,496,2,[1],2605,430,210,249.4,2014-06-25,18:17:41
910,498,2,[1 2 3 4 5],256,970,44,15.02,2014-06-25,18:17:41
911,408,2,[1 2 3 4 5 6 7],840,731,52,12.86,2014-06-25,18:17:41
912,583,2,[1 2 3],3520,263,208,205.23,2014-06-25,18:17:41
913,418,2,[ 1  2  3  4  5  6  7  8  9 10 11 12],1443,220,59,28.29,2014-06-25,18:17:41
914,224,3,[1],98,97,46,12.96,2014-06-25,18:17:41
915,855,3,[1 2 3 4 5],3305,872,229,20.83,2014-06-25,18:17:41
916,10,3,[1 2 3 4 5 6 7],3171,90,143,71.62,2014-06-25,18:17:41
917,653,3,[1 2 3],765,924,234,89.9,2014-06-25,18:17:41
918,321,3,[ 1  2  3  4  5  6  7  8  9 10 11 12],2559,659,216,15.33,2014-06-25,18:17:41
919,320,4,[1],3573,228,10,19.84,2014-06-25,18:17:41
920,571,4,[1 2 3 4 5],3106,598,105,19.82,2014-06-25,18:17:41
921,850,4,[1 2 3 4 5 6 7],1548,75,42,12.14,2014-06-25,18:17:41
922,664,4,[1 2 3],190,871,20,15.35,2014-06-25,18:17:41
923,697,4,[ 1  2  3  4  5  6  7  8  9 10 11 12],3762,291,7,33.09,2014-06-25,18:17:41
924,611,0,[1],1206,131,205,50.44,2007-05-03,21:27:04
925,364,0,[ 1  2  3  4  5  6  7  8  9 10 11 12],360,469,204,49.67,2007-05-03,21:27:04
926,770,1,[1],1134,68,198,1160.55,2007-05-03,21:27:04
927,984,1,[ 1  2  3  4  5  6  7  8  9 10 11 12],374,194,177,10.79,2007-05-03,21:27:04
928,209,0,[1 2 3 4 5 6 7 8],1009,482,99,17.41,2012-10-31,07:40:00
929,359,0,[ 1  2  3  4  5  6  7  8  9 10 11 12],2382,387,56,538.33,2012-10-31,07:40:00
930,728,1,[1 2 3 4 5 6 7 8],3054,999,42,8.58,2012-10-31,07:40:00
931,193,1,[ 1  2  3  4  5  6  7  8  9 10 11 12],124,735,249,13.41,2012-10-31,07:40:00
932,633,0,[1],2269,533,205,19.65,2003-10-21,15:45:26
933,402,0,[1 2 3 4 5 6],3069,841,56,29.58,2003-10-21,15:45:26
934,642,0,[ 1  2  3  4  5  6  7  8  9 10],2420,136,72,33.39,2003-10-21,15:45:26
935,472,0,[ 1  2  3  4  5  6  7  8  9 10],2465,22,140,85.9,2003-10-21,15:45:26
936,383,0,[ 1  2  3  4  5  6  7  8  9 10 11],2673,855,169,49.46,2003-10-21,15:45:26
937,89,0,[1 2 3 4],3240,728,157,19.05,2003-10-21,15:45:26
938,415,0,[1 2 3 4 5 6 7 8 9],318,898,12,8.71,2003-10-21,15:45:26
939,579,0,[1 2 3 4 5 6 7],3411,779,96,60.15,2003-10-21,15:45:26
940,454,1,[1],508,14,155,48.51,2003-10-21,15:45:26
941,259,1,[1 2 3 4 5 6],3582,30,188,7.79,2003-10-21,15:45:26
942,878,1,[ 1  2  3  4  5  6  7  8  9 10],3330,621,37,196.9,2003-10-21,15:45:26
943,96,1,[ 1  2  3  4  5  6  7  8  9 10],2423,599,249,14.83,2003-10-21,15:45:26
944,861,1,[ 1  2  3  4  5  6  7  8  9 10 11],2713,888,48,18.02,2003-10-21,15:45:26
945,141,1,[1 2 3 4],654,442,239,15.43,2003-10-21,15:45:26
946,38,1,[1 2 3 4 5 6 7 8 9],1489,137,6,19.61,2003-10-21,15:45:26
947,641,1,[1 2 3 4 5 6 7],2875,872,123,158.76,2003-10-21,15:45:26
948,555,2,[1],2282,687,41,683.82,2003-10-21,15:45:26
949,615,2,[1 2 3 4 5 6],2291,648,199,476.44,2003-10-21,15:45:26
950,769,2,[ 1  2  3  4  5  6  7  8  9 10],1895,490,195,14.98,2003-10-21,15:45:26
951,265,2,[ 1  2  3  4  5  6  7  8  9 10],633,339,83,45.23,2003-10-21,15:45:26
952,710,2,[ 1  2  3  4  5  6  7  8  9 10 11],3769,18,66,390.73,2003-10-21,15:45:26
953,834,2,[1 2 3 4],2956,381,185,66.02,2003-10-21,15:45:26
954,512,2,[1 2 3 4 5 6 7 8 9],1964,427,40,32.6,2003-10-21,15:45:26
955,10,2,[1 2 3 4 5 6 7],1358,328,28,10.15,2003-10-21,15:45:26
956,79,3,[1],822,188,32,59.05,2003-10-21,15:45:26
957,524,3,[1 2 3 4 5 6],1071,341,20,30.71,2003-10-21,15:45:26
958,228,3,[ 1  2  3  4  5  6  7  8  9 10],2304,722,90,416.79,2003-10-21,15:45:26
959,403,3,[ 1  2  3  4  5  6  7  8  9 10],563,403,41,61.44,2003-10-21,15:45:26
960,559,3,[ 1  2  3  4  5  6  7  8  9 10 11],1733,548,112,18.2,2003-10-21,15:45:26
961,685,3,[1 2 3 4],2314,496,194,167.92,2003-10-21,15:45:26
962,789,3,[1 2 3 4 5 6 7 8 9],437,996,188,25.71,2003-10-21,15:45:26
963,662,3,[1 2 3 4 5 6 7],1110,564,97,144.74,2003-10-21,15:45:26
964,499,4,[1],3358,328,185,51.1,2003-10-21,15:45:26
965,926,4,[1 2 3 4 5 6],378,207,94,43.36,2003-10-21,15:45:26
966,690,4,[ 1  2  3  4  5  6  7  8  9 10],1585,140,131,11.67,2003-10-21,15:45:26
967,918,4,[ 1  2  3  4  5  6  7  8  9 10],2706,757,151,20.06,2003-10-21,15:45:26
968,305,4,[ 1  2  3  4  5  6  7  8  9 10 11],3399,540,57,42.09,2003-10-21,15:45:26
969,67,4,[1 2 3 4],3244,787,110,63.23,2003-10-21,15:45:26
970,268,4,[1 2 3 4 5 6 7 8 9],2548,623,59,9.32,2003-10-21,15:45:26
971,389,4,[1 2 3 4 5 6 7],2790,742,231,21.71,2003-10-21,15:45:26
972,342,5,[1],3632,138,76,21.14,2003-10-21,15:45:26
973,605,5,[1 2 3 4 5 6],3565,987,234,24.56,2003-10-21,15:45:26
974,575,5,[ 1  2  3  4  5  6  7  8  9 10],2284,912,201,104.53,2003-10-21,15:45:26
975,505,5,[ 1  2  3  4  5  6  7  8  9 10],3811,215,24,248.41,2003-10-21,15:45:26
976,653,5,[ 1  2  3  4  5  6  7  8  9 10 11],1880,36,218,32.43,2003-10-21,15:45:26
977,269,5,[1 2 3 4],3471,911,188,29.46,2003-10-21,15:45:26
978,130,5,[1 2 3 4 5 6 7 8 9],3123,856,16,734.48,2003-10-21,15:45:26
979,833,5,[1 2 3 4 5 6 7],824,883,141,60.92,2003-10-21,15:45:26
980,596,6,[1],3359,879,223,21.0,2003-10-21,15:45:26
981,813,6,[1 2 3 4 5 6],1466,904,19,14.5,2003-10-21,15:45:26
982,518,6,[ 1  2  3  4  5  6  7  8  9 10],2571,163,225,3.5,2003-10-21,15:45:26
983,367,6,[ 1  2  3  4  5  6  7  8  9 10],2248,71,65,238.56,2003-10-21,15:45:26
984,556,6,[ 1  2  3  4  5  6  7  8  9 10 11],1120,166,26,30.73,2003-10-21,15:45:26
985,380,6,[1 2 3 4],2269,275,58,22.17,2003-10-21,15:45:26
986,165,6,[1 2 3 4 5 6 7 8 9],3606,649,245,25.61,2003-10-21,15:45:26
987,957,6,[1 2 3 4 5 6 7],1735,385,94,11.74,2003-10-21,15:45:26
988,586,7,[1],1331,966,14,10.07,2003-10-21,15:45:26
989,686,7,[1 2 3 4 5 6],567,492,158,351.78,2003-10-21,15:45:26
990,235,7,[ 1  2  3  4  5  6  7  8  9 10],3160,19,209,24.01,2003-10-21,15:45:26
991,493,7,[ 1  2  3  4  5  6  7  8  9 10],1590,536,237,14.66,2003-10-21,15:45:26
992,403,7,[ 1  2  3  4  5  6  7  8  9 10 11],442,727,50,15.62,2003-10-21,15:45:26
993,790,7,[1 2 3 4],3450,483,186,439.09,2003-10-21,15:45:26
994,788,7,[1 2 3 4 5 6 7 8 9],1905,725,238,15.47,2003-10-21,15:45:26
995,563,7,[1 2 3 4 5 6 7],1544,513,86,15.44,2003-10-21,15:45:26
996,577,0,[1 2 3],1576,824,49,19.02,2004-01-17,08:42:18
997,221,0,[1 2 3 4 5 6 7 8],2241,481,76,224.83,2006-08-26,05:50:30
998,642,0,[ 1  2  3  4  5  6  7  8  9 10],598,553,31,31.8,2006-08-26,05:50:30
999,871,1,[1 2 3 4 5 6 7 8],2955,105,183,119.77,2006-08-26,05:50:30
1000,324,1,[ 1  2  3  4  5  6  7  8  9 10],3185,221,24,190.27,2006-08-26,05:50:30
1001,627,0,[ 1  2  3  4  5  6  7  8  9 10 11 12],1731,685,28,22.27,2007-01-13,17:54:56
1002,240,0,[ 1  2  3  4  5  6  7  8  9 10],3056,964,243,10.44,2007-01-13,17:54:56
1003,39,1,[ 1  2  3  4  5  6  7  8  9 10 11 12],414,843,44,5.34,2007-01-13,17:54:56
1004,758,1,[ 1  2  3  4  5  6  7  8  9 10],124,747,74,17.76,2007-01-13,17:54:56
1005,313,0,[1 2 3 4 5 6 7 8],1690,274,188,15.27,2020-10-17,07:07:55
1006,502,0,[1],2718,268,64,52.83,2020-10-17,07:07:55
1007,271,0,[1 2 3 4 5 6 7 8 9],3576,956,53,14.51,2020-10-17,07:07:55
1008,613,0,[ 1  2  3  4  5  6  7  8  9 10 11 12],2089,3,61,108.48,2020-10-17,07:07:55
1009,668,0,[1 2 3 4],684,53,154,21.74,2020-10-17,07:07:55
1010,271,0,[ 1  2  3  4  5  6  7  8  9 10 11 12],716,482,57,40.0,2020-10-17,07:07:55
1011,432,0,[ 1  2  3  4  5  6  7  8  9 10 11 12],3759,444,127,53.17,2020-10-17,07:07:55
1012,759,1,[1 2 3 4 5 6 7 8],1396,183,55,6.5,2020-10-17,07:07:55
1013,570,1,[1],3021,630,126,317.51,2020-10-17,07:07:55
1014,542,1,[1 2 3 4 5 6 7 8 9],1514,527,91,13.97,2020-10-17,07:07:55
1015,106,1,[ 1  2  3  4  5  6  7  8  9 10 11 12],959,871,51,1689.27,2020-10-17,07:07:55
1016,377,1,[1 2 3 4],1486,244,209,115.87,2020-10-17,07:07:55
1017,541,1,[ 1  2  3  4  5  6  7  8  9 10 11 12],1787,308,42,167.9,2020-10-17,07:07:55
1018,441,1,[ 1  2  3  4  5  6  7  8  9 10 11 12],2750,457,100,13.93,2020-10-17,07:07:55
1019,907,2,[1 2 3 4 5 6 7 8],1500,237,121,8.73,2020-10-17,07:07:55
1020,350,2,[1],445,466,10,15.66,2020-10-17,07:07:55
1021,37,2,[1 2 3 4 5 6 7 8 9],3008,737,219,103.4,2020-10-17,07:07:55
1022,83,2,[ 1  2  3  4  5  6  7  8  9 10 11 12],2804,905,154,78.08,2020-10-17,07:07:55
1023,606,2,[1 2 3 4],831,794,176,42.28,2020-10-17,07:07:55
1024,425,2,[ 1  2  3  4  5  6  7  8  9 10 11 12],2562,187,205,18.97,2020-10-17,07:07:55
1025,849,2,[ 1  2  3  4  5  6  7  8  9 10 11 12],3614,46,155,39.25,2020-10-17,07:07:55
1026,423,3,[1 2 3 4 5 6 7 8],1892,954,245,63.21,2020-10-17,07:07:55
1027,464,3,[1],2256,810,16,304.66,2020-10-17,07:07:55
1028,168,3,[1 2 3 4 5 6 7 8 9],475,752,240,19.41,2020-10-17,07:07:55
1029,69,3,[ 1  2  3  4  5  6  7  8  9 10 11 12],1956,336,32,18.58,2020-10-17,07:07:55
1030,389,3,[1 2 3 4],1457,315,247,16.37,2020-10-17,07:07:55
1031,684,3,[ 1  2  3  4  5  6  7  8  9 10 11 12],626,605,238,8.98,2020-10-17,07:07:55
1032,211,3,[ 1  2  3  4  5  6  7  8  9 10 11 12],1826,717,84,7.18,2020-10-17,07:07:55
1033,659,4,[1 2 3 4 5 6 7 8],2894,106,187,17.22,2020-10-17,07:07:55
1034,670,4,[1],1215,816,11,1405.46,2020-10-17,07:07:55
1035,527,4,[1 2 3 4 5 6 7 8 9],981,591,63,132.33,2020-10-17,07:07:55
1036,375,4,[ 1  2  3  4  5  6  7  8  9 10 11 12],3366,82,180,64.25,2020-10-17,07:07:55
1037,752,4,[1 2 3 4],2427,203,180,14.91,2020-10-17,07:07:55
1038,259,4,[ 1  2  3  4  5  6  7  8  9 10 11 12],1476,67,237,8.2,2020-10-17,07:07:55
1039,120,4,[ 1  2  3  4  5  6  7  8  9 10 11 12],751,514,9,23.78,2020-10-17,07:07:55
1040,617,5,[1 2 3 4 5 6 7 8],3358,820,60,55.97,2020-10-17,07:07:55
1041,125,5,[1],3436,420,108,13.03,2020-10-17,07:07:55
1042,874,5,[1 2 3 4 5 6 7 8 9],3306,401,240,27.2,2020-10-17,07:07:55
1043,87,5,[ 1  2  3  4  5  6  7  8  9 10 11 12],1407,872,132,13.67,2020-10-17,07:07:55
1044,39,5,[1 2 3 4],1890,139,86,149.79,2020-10-17,07:07:55
1045,258,5,[ 1  2  3  4  5  6  7  8  9 10 11 12],937,588,19,43.3,2020-10-17,07:07:55
1046,716,5,[ 1  2  3  4  5  6  7  8  9 10 11 12],2341,763,245,543.56,2020-10-17,07:07:55
1047,521,6,[1 2 3 4 5 6 7 8],2369,503,229,642.85,2020-10-17,07:07:55
1048,418,6,[1],2202,588,169,39.11,2020-10-17,07:07:55
1049,896,6,[1 2 3 4 5 6 7 8 9],1931,281,240,9.02,2020-10-17,07:07:55
1050,942,6,[ 1  2  3  4  5  6  7  8  9 10 11 12],3182,677,190,19.88,2020-10-17,07:07:55
1051,774,6,[1 2 3 4],1225,173,205,38.93,2020-10-17,07:07:55
1052,484,6,[ 1  2  3  4  5  6  7  8  9 10 11 12],2880,868,54,29.29,2020-10-17,07:07:55
1053,392,6,[ 1  2  3  4  5  6  7  8  9 10 11 12],1406,131,243,31.54,2020-10-17,07:07:55
1054,249,0,[1 2 3 4 5 6 7],54,30,61,26.2,2021-04-08,21:10:09
1055,846,0,[1 2 3 4 5 6],1738,863,218,6.49,2021-03-01,15:15:18
1056,317,0,[1],2102,801,157,50.7,2021-03-01,15:15:18
1057,962,1,[1 2 3 4 5 6],224,623,67,21.54,2021-03-01,15:15:18
1058,942,1,[1],1193,678,67,11.73,2021-03-01,15:15:18
1059,11,0,[1 2 3 4],389,847,149,2291.5,2012-02-17,14:04:34
1060,894,0,[1 2 3 4 5 6 7],2785,190,158,548.36,2012-02-17,14:04:34
1061,171,0,[ 1  2  3  4  5  6  7  8  9 10],3663,97,118,80.18,2012-02-17,14:04:34
1062,915,0,[1 2 3],381,65,71,72.74,2012-02-17,14:04:34
1063,556,0,[ 1  2  3  4  5  6  7  8  9 10 11],2179,724,196,20.86,2012-02-17,14:04:34
1064,113,0,[1 2 3 4 5 6 7 8],904,163,65,13.23,2012-02-17,14:04:34
1065,4,0,[ 1  2  3  4  5  6  7  8  9 10 11],2238,860,229,908.33,2012-02-17,14:04:34
1066,470,0,[ 1  2  3  4  5  6  7  8  9 10],749,33,62,44.5,2012-02-17,14:04:34
1067,621,1,[1 2 3 4],1841,907,204,13.22,2012-02-17,14:04:34
1068,909,1,[1 2 3 4 5 6 7],3150,499,78,84.29,2012-02-17,14:04:34
1069,849,1,[ 1  2  3  4  5  6  7  8  9 10],255,888,170,8.17,2012-02-17,14:04:34
1070,325,1,[1 2 3],3406,125,112,286.13,2012-02-17,14:04:34
1071,728,1,[ 1  2  3  4  5  6  7  8  9 10 11],2517,456,17,46.09,2012-02-17,14:04:34
1072,305,1,[1 2 3 4 5 6 7 8],1875,166,81,77.78,2012-02-17,14:04:34
1073,556,1,[ 1  2  3  4  5  6  7  8  9 10 11],1391,712,146,10.64,2012-02-17,14:04:34
1074,744,1,[ 1  2  3  4  5  6  7  8  9 10],1022,108,143,23.65,2012-02-17,14:04:34
1075,759,2,[1 2 3 4],1460,278,189,26.74,2012-02-17,14:04:34
1076,232,2,[1 2 3 4 5 6 7],1743,236,68,10.96,2012-02-17,14:04:34
1077,35,2,[ 1  2  3  4  5  6  7  8  9 10],1109,488,167,16.62,2012-02-17,14:04:34
1078,799,2,[1 2 3],2488,176,139,77.33,2012-02-17,14:04:34
1079,112,2,[ 1  2  3  4  5  6  7  8  9 10 11],2732,142,141,38.98,2012-02-17,14:04:34
1080,182,2,[1 2 3 4 5 6 7 8],3340,924,126,10.92,2012-02-17,14:04:34
1081,842,2,[ 1  2  3  4  5  6  7  8  9 10 11],2373,807,167,748.61,2012-02-17,14:04:34
1082,769,2,[ 1  2  3  4  5  6  7  8  9 10],2281,677,86,189.91,2012-02-17,14:04:34
1083,991,3,[1 2 3 4],2063,487,12,16.39,2012-02-17,14:04:34
1084,626,3,[1 2 3 4 5 6 7],1856,681,171,16.61,2012-02-17,14:04:34
1085,706,3,[ 1  2  3  4  5  6  7  8  9 10],1265,330,227,67.52,2012-02-17,14:04:34
1086,436,3,[1 2 3],700,592,24,17.5,2012-02-17,14:04:34
1087,496,3,[ 1  2  3  4  5  6  7  8  9 10 11],2050,679,244,21.98,2012-02-17,14:04:34
1088,822,3,[1 2 3 4 5 6 7 8],399,137,232,16.96,2012-02-17,14:04:34
1089,563,3,[ 1  2  3  4  5  6  7  8  9 10 11],1260,297,65,181.47,2012-02-17,14:04:34
1090,790,3,[ 1  2  3  4  5  6  7  8  9 10],1984,259,113,11.53,2012-02-17,14:04:34
1091,251,4,[1 2 3 4],740,741,8,68.99,2012-02-17,14:04:34
1092,900,4,[1 2 3 4 5 6 7],2471,143,46,16.1,2012-02-17,14:04:34
1093,138,4,[ 1  2  3  4  5  6  7  8  9 10],1104,660,96,645.81,2012-02-17,14:04:34
1094,171,4,[1 2 3],3402,616,26,9.7,2012-02-17,14:04:34
1095,202,4,[ 1  2  3  4  5  6  7  8  9 10 11],984,957,237,1090.43,2012-02-17,14:04:34
1096,658,4,[1 2 3 4 5 6 7 8],3556,894,128,49.2,2012-02-17,14:04:34
1097,165,4,[ 1  2  3  4  5  6  7  8  9 10 11],2924,822,93,56.24,2012-02-17,14:04:34
1098,486,4,[ 1  2  3  4  5  6  7  8  9 10],18,822,90,13.35,2012-02-17,14:04:34
1099,214,5,[1 2 3 4],344,251,110,25.32,2012-02-17,14:04:34
1100,591,5,[1 2 3 4 5 6 7],1326,609,152,24.83,2012-02-17,14:04:34
1101,632,5,[ 1  2  3  4  5  6  7  8  9 10],265,615,248,94.87,2012-02-17,14:04:34
1102,56,5,[1 2 3],789,985,101,41.57,2012-02-17,14:04:34
1103,525,5,[ 1  2  3  4  5  6  7  8  9 10 11],588,390,174,306.29,2012-02-17,14:04:34
1104,995,5,[1 2 3 4 5 6 7 8],2309,570,245,328.76,2012-02-17,14:04:34
1105,582,5,[ 1  2  3  4  5  6  7  8  9 10 11],2581,136,228,15.07,2012-02-17,14:04:34
1106,832,5,[ 1  2  3  4  5  6  7  8  9 10],1336,46,127,18.13,2012-02-17,14:04:34
1107,991,6,[1 2 3 4],2009,255,127,14.83,2012-02-17,14:04:34
1108,35,6,[1 2 3 4 5 6 7],761,866,51,14.45,2012-02-17,14:04:34
1109,529,6,[ 1  2  3  4  5  6  7  8  9 10],1305,439,212,14.43,2012-02-17,14:04:34
1110,298,6,[1 2 3],1149,491,77,11.55,2012-02-17,14:04:34
1111,470,6,[ 1  2  3  4  5  6  7  8  9 10 11],248,165,186,74.14,2012-02-17,14:04:34
1112,56,6,[1 2 3 4 5 6 7 8],23,762,12,17.84,2012-02-17,14:04:34
1113,482,6,[ 1  2  3  4  5  6  7  8  9 10 11],3757,259,179,62.9,2012-02-17,14:04:34
1114,125,6,[ 1  2  3  4  5  6  7  8  9 10],83,630,204,17.51,2012-02-17,14:04:34
1115,32,7,[1 2 3 4],3537,829,248,45.33,2012-02-17,14:04:34
1116,271,7,[1 2 3 4 5 6 7],396,33,38,16.9,2012-02-17,14:04:34
1117,757,7,[ 1  2  3  4  5  6  7  8  9 10],3735,689,232,23.28,2012-02-17,14:04:34
1118,793,7,[1 2 3],1948,209,171,20.75,2012-02-17,14:04:34
1119,5,7,[ 1  2  3  4  5  6  7  8  9 10 11],2177,488,46,298.11,2012-02-17,14:04:34
1120,235,7,[1 2 3 4 5 6 7 8],643,579,2,1350.26,2012-02-17,14:04:34
1121,313,7,[ 1  2  3  4  5  6  7  8  9 10 11],1096,834,59,78.83,2012-02-17,14:04:34
1122,725,7,[ 1  2  3  4  5  6  7  8  9 10],1632,682,212,16.01,2012-02-17,14:04:34
1123,432,0,[1 2],3524,296,90,228.28,2011-08-21,12:41:53
1124,252,0,[1],1830,216,222,9.08,2011-08-21,12:41:53
1125,582,0,[ 1  2  3  4  5  6  7  8  9 10 11],3777,810,79,202.35,2011-08-21,12:41:53
1126,694,0,[ 1  2  3  4  5  6  7  8  9 10 11],1076,526,120,28.37,2011-08-21,12:41:53
1127,96,0,[1 2 3 4],1836,975,185,15.7,2011-08-21,12:41:53
1128,952,1,[1 2],1938,416,142,152.58,2011-08-21,12:41:53
1129,797,1,[1],935,574,211,28.89,2011-08-21,12:41:53
1130,505,1,[ 1  2  3  4  5  6  7  8  9 10 11],855,727,8,7.1,2011-08-21,12:41:53
1131,437,1,[ 1  2  3  4  5  6  7  8  9 10 11],2335,336,10,951.65,2011-08-21,12:41:53
1132,491,1,[1 2 3 4],2698,36,229,16.59,2011-08-21,12:41:53
1133,620,2,[1 2],1668,340,176,9.3,2011-08-21,12:41:53
1134,735,2,[1],3168,621,203,34.36,2011-08-21,12:41:53
1135,687,2,[ 1  2  3  4  5  6  7  8  9 10 11],1912,721,206,18.7,2011-08-21,12:41:53
1136,572,2,[ 1  2  3  4  5  6  7  8  9 10 11],1362,946,31,15.58,2011-08-21,12:41:53
1137,605,2,[1 2 3 4],1150,374,164,18.3,2011-08-21,12:41:53
1138,715,3,[1 2],1139,175,124,16.96,2011-08-21,12:41:53
1139,421,3,[1],1348,519,202,106.06,2011-08-21,12:41:53
1140,394,3,[ 1  2  3  4  5  6  7  8  9 10 11],2698,3,230,19.17,2011-08-21,12:41:53
1141,348,3,[ 1  2  3  4  5  6  7  8  9 10 11],368,323,66,18.11,2011-08-21,12:41:53
1142,65,3,[1 2 3 4],2472,331,178,16.6,2011-08-21,12:41:53
1143,910,4,[1 2],3184,607,198,21.98,2011-08-21,12:41:53
1144,444,4,[1],1154,449,16,168.01,2011-08-21,12:41:53
1145,778,4,[ 1  2  3  4  5  6  7  8  9 10 11],499,123,49,5.16,2011-08-21,12:41:53
1146,164,4,[ 1  2  3  4  5  6  7  8  9 10 11],487,991,130,83.72,2011-08-21,12:41:53
1147,758,4,[1 2 3 4],753,350,200,16.58,2011-08-21,12:41:53
1148,517,0,[1 2],124,587,20,15.44,2015-11-15,02:54:29
1149,471,0,[1 2 3 4 5 6 7 8],236,841,75,16.21,2015-11-15,02:54:29
1150,657,0,[1 2 3 4],731,494,25,92.23,2015-11-15,02:54:29
1151,87,1,[1 2],2631,876,158,13.85,2015-11-15,02:54:29
1152,995,1,[1 2 3 4 5 6 7 8],1691,2,169,5.36,2015-11-15,02:54:29
1153,959,1,[1 2 3 4],1308,164,45,21.27,2015-11-15,02:54:29
1154,290,2,[1 2],2361,876,159,863.18,2015-11-15,02:54:29
1155,646,2,[1 2 3 4 5 6 7 8],2165,492,19,671.85,2015-11-15,02:54:29
1156,17,2,[1 2 3 4],3772,647,156,8.89,2015-11-15,02:54:29
1157,949,0,[1 2 3 4 5 6 7],944,839,244,65.15,2003-11-28,14:02:49
1158,278,0,[1 2 3 4 5],3719,316,213,12.04,2003-11-28,14:02:49
1159,587,0,[1 2 3 4 5 6],3464,191,63,19.05,2003-11-28,14:02:49
1160,814,0,[1 2 3 4 5 6],2298,290,145,18.42,2003-11-28,14:02:49
1161,510,1,[1 2 3 4 5 6 7],605,900,106,54.65,2003-11-28,14:02:49
1162,148,1,[1 2 3 4 5],1831,955,143,8.56,2003-11-28,14:02:49
1163,407,1,[1 2 3 4 5 6],1077,782,47,12.45,2003-11-28,14:02:49
1164,539,1,[1 2 3 4 5 6],433,900,54,191.98,2003-11-28,14:02:49
1165,48,2,[1 2 3 4 5 6 7],2487,918,159,199.48,2003-11-28,14:02:49
1166,340,2,[1 2 3 4 5],971,742,170,36.8,2003-11-28,14:02:49
1167,148,2,[1 2 3 4 5 6],3808,369,151,34.74,2003-11-28,14:02:49
1168,418,2,[1 2 3 4 5 6],922,325,231,35.16,2003-11-28,14:02:49
1169,23,3,[1 2 3 4 5 6 7],3515,642,82,35.58,2003-11-28,14:02:49
1170,422,3,[1 2 3 4 5],1686,350,93,14.14,2003-11-28,14:02:49
1171,495,3,[1 2 3 4 5 6],1426,774,35,20.97,2003-11-28,14:02:49
1172,602,3,[1 2 3 4 5 6],1985,376,201,58.78,2003-11-28,14:02:49
1173,26,0,[1 2 3 4 5],3571,641,146,44.16,2008-12-23,17:39:21
1174,310,0,[1 2 3 4],1288,45,214,38.88,2008-12-23,17:39:21
1175,672,0,[1 2 3 4 5 6 7],1968,491,230,13.76,2008-12-23,17:39:21
1176,700,0,[1],2572,472,72,42.09,2008-12-23,17:39:21
1177,924,0,[1],3436,621,245,13.69,2008-12-23,17:39:21
1178,816,0,[1 2 3 4 5 6 7 8],1565,453,137,8.81,2008-12-23,17:39:21
1179,968,0,[ 1  2  3  4  5  6  7  8  9 10],1077,363,228,11.49,2008-12-23,17:39:21
1180,538,1,[1 2 3 4 5],989,876,114,17.77,2008-12-23,17:39:21
1181,624,1,[1 2 3 4],30,327,177,74.21,2008-12-23,17:39:21
1182,851,1,[1 2 3 4 5 6 7],1556,435,45,8.78,2008-12-23,17:39:21
1183,992,1,[1],2984,577,234,38.83,2008-12-23,17:39:21
1184,12,1,[1],1603,323,141,14.47,2008-12-23,17:39:21
1185,278,1,[1 2 3 4 5 6 7 8],2646,12,72,15.37,2008-12-23,17:39:21
1186,495,1,[ 1  2  3  4  5  6  7  8  9 10],3280,729,217,148.33,2008-12-23,17:39:21
1187,909,2,[1 2 3 4 5],2516,472,86,425.61,2008-12-23,17:39:21
1188,20,2,[1 2 3 4],992,509,166,15.83,2008-12-23,17:39:21
1189,192,2,[1 2 3 4 5 6 7],2734,569,247,13.91,2008-12-23,17:39:21
1190,982,2,[1],1809,927,83,15.65,2008-12-23,17:39:21
1191,371,2,[1],3740,959,147,37.1,2008-12-23,17:39:21
1192,75,2,[1 2 3 4 5 6 7 8],2398,987,16,114.3,2008-12-23,17:39:21
1193,161,2,[ 1  2  3  4  5  6  7  8  9 10],2118,853,189,324.64,2008-12-23,17:39:21
1194,540,3,[1 2 3 4 5],2144,909,16,303.26,2008-12-23,17:39:21
1195,491,3,[1 2 3 4],1166,574,217,120.0,2008-12-23,17:39:21
1196,896,3,[1 2 3 4 5 6 7],22,792,236,26.44,2008-12-23,17:39:21
1197,595,3,[1],2830,586,145,13.31,2008-12-23,17:39:21
1198,211,3,[1],684,53,130,21.74,2008-12-23,17:39:21
1199,629,3,[1 2 3 4 5 6 7 8],360,317,178,40.71,2008-12-23,17:39:21
1200,914,3,[ 1  2  3  4  5  6  7  8  9 10],2413,785,12,347.06,2008-12-23,17:39:21
1201,397,4,[1 2 3 4 5],2598,382,103,19.31,2008-12-23,17:39:21
1202,571,4,[1 2 3 4],1968,231,78,11.82,2008-12-23,17:39:21
1203,447,4,[1 2 3 4 5 6 7],1368,926,244,9.98,2008-12-23,17:39:21
1204,851,4,[1],3553,17,249,122.71,2008-12-23,17:39:21
1205,343,4,[1],1724,360,124,894.26,2008-12-23,17:39:21
1206,717,4,[1 2 3 4 5 6 7 8],3637,629,6,481.48,2008-12-23,17:39:21
1207,531,4,[ 1  2  3  4  5  6  7  8  9 10],1347,921,169,15.18,2008-12-23,17:39:21
1208,256,5,[1 2 3 4 5],3549,582,224,15.74,2008-12-23,17:39:21
1209,885,5,[1 2 3 4],3231,27,43,15.15,2008-12-23,17:39:21
1210,757,5,[1 2 3 4 5 6 7],992,315,129,12.01,2008-12-23,17:39:21
1211,560,5,[1],2910,821,100,30.37,2008-12-23,17:39:21
1212,219,5,[1],2466,403,216,63.09,2008-12-23,17:39:21
1213,526,5,[1 2 3 4 5 6 7 8],3244,619,217,68.79,2008-12-23,17:39:21
1214,489,5,[ 1  2  3  4  5  6  7  8  9 10],745,126,46,12.37,2008-12-23,17:39:21
1215,177,6,[1 2 3 4 5],68,380,222,7.42,2008-12-23,17:39:21
1216,130,6,[1 2 3 4],3588,835,70,20.74,2008-12-23,17:39:21
1217,317,6,[1 2 3 4 5 6 7],1384,812,169,144.38,2008-12-23,17:39:21
1218,715,6,[1],205,909,37,7.31,2008-12-23,17:39:21
1219,850,6,[1],1229,87,142,11.85,2008-12-23,17:39:21
1220,33,6,[1 2 3 4 5 6 7 8],2694,232,235,8.6,2008-12-23,17:39:21
1221,537,6,[ 1  2  3  4  5  6  7  8  9 10],3723,540,38,22.0,2008-12-23,17:39:21
1222,309,0,[ 1  2  3  4  5  6  7  8  9 10 11],325,572,41,22.93,2010-06-14,09:13:43
1223,154,0,[1 2 3 4],1063,676,227,1150.24,2010-06-14,09:13:43
1224,557,1,[ 1  2  3  4  5  6  7  8  9 10 11],1080,689,225,11.31,2010-06-14,09:13:43
1225,119,1,[1 2 3 4],1392,912,244,15.2,2010-06-14,09:13:43
1226,660,0,[1 2],2391,78,136,785.35,2013-05-01,19:31:11
1227,405,0,[1 2 3 4 5 6 7],549,304,5,271.83,2013-05-01,19:31:11
1228,686,0,[1],956,46,19,2041.46,2013-05-01,19:31:11
1229,283,0,[ 1  2  3  4  5  6  7  8  9 10 11 12],2750,90,84,16.51,2013-05-01,19:31:11
1230,403,0,[1 2 3 4 5 6],1432,848,28,12.96,2013-05-01,19:31:11
1231,639,1,[1 2],800,931,62,84.93,2013-05-01,19:31:11
1232,486,1,[1 2 3 4 5 6 7],2085,514,103,18.48,2013-05-01,19:31:11
1233,877,1,[1],1762,520,70,24.25,2013-05-01,19:31:11
1234,695,1,[ 1  2  3  4  5  6  7  8  9 10 11 12],1251,248,221,21.71,2013-05-01,19:31:11
1235,971,1,[1 2 3 4 5 6],696,305,248,13.75,2013-05-01,19:31:11
1236,436,2,[1 2],810,928,100,114.02,2013-05-01,19:31:11
1237,503,2,[1 2 3 4 5 6 7],1184,32,61,10.95,2013-05-01,19:31:11
1238,516,2,[1],811,881,96,13.54,2013-05-01,19:31:11
1239,825,2,[ 1  2  3  4  5  6  7  8  9 10 11 12],2633,950,154,43.17,2013-05-01,19:31:11
1240,41,2,[1 2 3 4 5 6],2332,290,187,109.74,2013-05-01,19:31:11
1241,568,3,[1 2],1915,756,82,14.63,2013-05-01,19:31:11
1242,494,3,[1 2 3 4 5 6 7],1324,254,119,17.61,2013-05-01,19:31:11
1243,822,3,[1],622,792,119,39.77,2013-05-01,19:31:11
1244,52,3,[ 1  2  3  4  5  6  7  8  9 10 11 12],2339,25,33,572.56,2013-05-01,19:31:11
1245,430,3,[1 2 3 4 5 6],3306,362,165,27.93,2013-05-01,19:31:11
1246,336,4,[1 2],3304,394,84,26.92,2013-05-01,19:31:11
1247,989,4,[1 2 3 4 5 6 7],262,362,133,36.56,2013-05-01,19:31:11
1248,185,4,[1],3330,411,100,171.27,2013-05-01,19:31:11
1249,106,4,[ 1  2  3  4  5  6  7  8  9 10 11 12],3025,432,236,176.54,2013-05-01,19:31:11
1250,735,4,[1 2 3 4 5 6],1755,598,191,10.28,2013-05-01,19:31:11
1251,398,0,[1],939,83,235,78.11,2017-10-16,10:37:24
1252,973,0,[1 2],1732,458,192,17.24,2017-10-16,10:37:24
1253,422,0,[1 2 3 4 5 6 7 8],269,412,83,6.78,2017-10-16,10:37:24
1254,950,0,[1 2 3 4 5],1871,257,25,47.42,2017-10-16,10:37:24
1255,37,0,[1],1001,230,214,37.26,2017-10-16,10:37:24
1256,471,0,[1 2 3],1150,397,172,17.25,2017-10-16,10:37:24
1257,450,0,[1 2 3 4 5],1470,53,44,4.63,2017-10-16,10:37:24
1258,899,1,[1],490,319,101,21.65,2017-10-16,10:37:24
1259,439,1,[1 2],3563,520,34,40.62,2017-10-16,10:37:24
1260,616,1,[1 2 3 4 5 6 7 8],2546,906,3,23.1,2017-10-16,10:37:24
1261,557,1,[1 2 3 4 5],2531,231,19,9.88,2017-10-16,10:37:24
1262,671,1,[1],3369,834,91,13.92,2017-10-16,10:37:24
1263,906,1,[1 2 3],1825,779,6,14.66,2017-10-16,10:37:24
1264,857,1,[1 2 3 4 5],141,40,126,21.31,2017-10-16,10:37:24
1265,55,2,[1],3078,120,174,13.57,2017-10-16,10:37:24
1266,503,2,[1 2],1480,874,52,22.89,2017-10-16,10:37:24
1267,396,2,[1 2 3 4 5 6 7 8],939,3,181,79.03,2017-10-16,10:37:24
1268,542,2,[1 2 3 4 5],3233,143,167,40.09,2017-10-16,10:37:24
1269,791,2,[1],3090,84,60,40.94,2017-10-16,10:37:24
1270,408,2,[1 2 3],1035,555,62,193.13,2017-10-16,10:37:24
1271,810,2,[1 2 3 4 5],2671,785,76,14.86,2017-10-16,10:37:24
1272,607,3,[1],3376,77,188,19.19,2017-10-16,10:37:24
1273,125,3,[1 2],3264,124,60,13.17,2017-10-16,10:37:24
1274,683,3,[1 2 3 4 5 6 7 8],2313,748,230,204.45,2017-10-16,10:37:24
1275,671,3,[1 2 3 4 5],2061,385,127,7.08,2017-10-16,10:37:24
1276,113,3,[1],495,285,23,39.11,2017-10-16,10:37:24
1277,554,3,[1 2 3],1127,310,17,22.15,2017-10-16,10:37:24
1278,77,3,[1 2 3 4 5],1751,263,179,79.63,2017-10-16,10:37:24
1279,879,4,[1],56,207,103,2131.73,2017-10-16,10:37:24
1280,747,4,[1 2],2635,410,179,22.61,2017-10-16,10:37:24
1281,753,4,[1 2 3 4 5 6 7 8],1739,6,73,20.21,2017-10-16,10:37:24
1282,432,4,[1 2 3 4 5],2176,429,172,198.31,2017-10-16,10:37:24
1283,483,4,[1],812,478,184,81.98,2017-10-16,10:37:24
1284,976,4,[1 2 3],1558,478,7,27.66,2017-10-16,10:37:24
1285,282,4,[1 2 3 4 5],3260,909,201,377.69,2017-10-16,10:37:24
1286,824,5,[1],2906,498,85,22.43,2017-10-16,10:37:24
1287,208,5,[1 2],956,648,73,1723.88,2017-10-16,10:37:24
1288,963,5,[1 2 3 4 5 6 7 8],502,238,77,42.45,2017-10-16,10:37:24
1289,912,5,[1 2 3 4 5],2450,640,168,7.77,2017-10-16,10:37:24
1290,639,5,[1],1800,729,123,118.03,2017-10-16,10:37:24
1291,615,5,[1 2 3],1202,278,145,9.82,2017-10-16,10:37:24
1292,446,5,[1 2 3 4 5],3406,179,22,274.6,2017-10-16,10:37:24
1293,897,6,[1],1113,288,97,1816.15,2017-10-16,10:37:24
1294,662,6,[1 2],1842,132,237,1108.55,2017-10-16,10:37:24
1295,411,6,[1 2 3 4 5 6 7 8],3751,886,207,26.17,2017-10-16,10:37:24
1296,330,6,[1 2 3 4 5],106,301,76,10.9,2017-10-16,10:37:24
1297,678,6,[1],1174,992,147,60.7,2017-10-16,10:37:24
1298,795,6,[1 2 3],536,208,166,14.38,2017-10-16,10:37:24
1299,857,6,[1 2 3 4 5],3422,966,169,14.7,2017-10-16,10:37:24
1300,713,0,[1 2 3 4 5 6 7 8],114,606,3,17.49,2019-03-25,05:05:29
1301,819,0,[1 2 3 4],2948,635,33,29.47,2019-03-25,05:05:29
1302,372,1,[1 2 3 4 5 6 7 8],2586,124,25,9.24,2019-03-25,05:05:29
1303,167,1,[1 2 3 4],2071,650,8,11.19,2019-03-25,05:05:29
1304,931,0,[1 2 3 4 5 6 7 8 9],256,601,247,13.23,2018-04-05,22:53:45
1305,941,0,[1],1759,357,179,17.9,2018-04-05,22:53:45
1306,268,0,[1],1394,647,8,13.12,2018-04-05,22:53:45
1307,295,0,[1 2 3 4 5 6 7 8],364,207,237,7.58,2018-04-05,22:53:45
1308,204,0,[1 2 3 4 5 6],3124,560,64,35.27,2018-04-05,22:53:45
1309,680,1,[1 2 3 4 5 6 7 8 9],2720,240,167,18.8,2018-04-05,22:53:45
1310,312,1,[1],3757,62,52,62.54,2018-04-05,22:53:45
1311,999,1,[1],1006,330,249,30.91,2018-04-05,22:53:45
1312,624,1,[1 2 3 4 5 6 7 8],3451,454,218,21.08,2018-04-05,22:53:45
1313,425,1,[1 2 3 4 5 6],215,349,154,1006.24,2018-04-05,22:53:45
1314,215,2,[1 2 3 4 5 6 7 8 9],1821,84,249,14.64,2018-04-05,22:53:45
1315,711,2,[1],961,698,119,42.22,2018-04-05,22:53:45
1316,388,2,[1],3573,68,52,19.66,2018-04-05,22:53:45
1317,55,2,[1 2 3 4 5 6 7 8],2557,559,120,10.42,2018-04-05,22:53:45
1318,388,2,[1 2 3 4 5 6],2843,552,150,35.72,2018-04-05,22:53:45
1319,697,3,[1 2 3 4 5 6 7 8 9],878,846,128,24.82,2018-04-05,22:53:45
1320,368,3,[1],2592,245,156,18.12,2018-04-05,22:53:45
1321,186,3,[1],238,245,44,12.76,2018-04-05,22:53:45
1322,727,3,[1 2 3 4 5 6 7 8],2544,18,32,13.11,2018-04-05,22:53:45
1323,359,3,[1 2 3 4 5 6],2427,622,70,13.86,2018-04-05,22:53:45
1324,877,4,[1 2 3 4 5 6 7 8 9],2190,322,41,1075.16,2018-04-05,22:53:45
1325,222,4,[1],1543,132,238,14.96,2018-04-05,22:53:45
1326,674,4,[1],539,463,221,60.84,2018-04-05,22:53:45
1327,271,4,[1 2 3 4 5 6 7 8],3049,199,223,12.9,2018-04-05,22:53:45
1328,799,4,[1 2 3 4 5 6],3322,335,71,124.09,2018-04-05,22:53:45
1329,871,0,[ 1  2  3  4  5  6  7  8  9 10 11 12],3393,775,133,106.09,2021-07-26,23:01:18
1330,501,0,[1 2 3 4],1141,597,161,13.08,2021-07-26,23:01:18
1331,105,0,[1 2 3 4],1231,279,135,1204.11,2021-07-26,23:01:18
1332,486,0,[1 2 3 4 5 6 7],1032,335,187,181.03,2021-07-26,23:01:18
1333,84,0,[1 2 3],1812,390,118,14.47,2021-07-26,23:01:18
1334,791,0,[ 1  2  3  4  5  6  7  8  9 10 11 12],3037,541,166,72.42,2021-07-26,23:01:18
1335,966,0,[1 2],3005,667,67,12.64,2021-07-26,23:01:18
1336,112,1,[ 1  2  3  4  5  6  7  8  9 10 11 12],3418,206,146,135.25,2021-07-26,23:01:18
1337,885,1,[1 2 3 4],2004,788,39,21.71,2021-07-26,23:01:18
1338,360,1,[1 2 3 4],3272,657,117,8.93,2021-07-26,23:01:18
1339,673,1,[1 2 3 4 5 6 7],3233,912,117,37.95,2021-07-26,23:01:18
1340,865,1,[1 2 3],3263,706,98,21.86,2021-07-26,23:01:18
1341,400,1,[ 1  2  3  4  5  6  7  8  9 10 11 12],3521,150,196,72.88,2021-07-26,23:01:18
1342,154,1,[1 2],1338,614,136,18.11,2021-07-26,23:01:18
1343,750,2,[ 1  2  3  4  5  6  7  8  9 10 11 12],56,848,81,2272.12,2021-07-26,23:01:18
1344,130,2,[1 2 3 4],3358,328,106,51.1,2021-07-26,23:01:18
1345,726,2,[1 2 3 4],2113,344,18,126.85,2021-07-26,23:01:18
1346,134,2,[1 2 3 4 5 6 7],3430,537,52,16.94,2021-07-26,23:01:18
1347,988,2,[1 2 3],1283,553,70,634.95,2021-07-26,23:01:18
1348,435,2,[ 1  2  3  4  5  6  7  8  9 10 11 12],3544,957,35,199.15,2021-07-26,23:01:18
1349,761,2,[1 2],173,671,221,12.17,2021-07-26,23:01:18
1350,401,3,[ 1  2  3  4  5  6  7  8  9 10 11 12],220,474,176,9.29,2021-07-26,23:01:18
1351,257,3,[1 2 3 4],23,686,166,18.38,2021-07-26,23:01:18
1352,159,3,[1 2 3 4],1542,92,245,11.01,2021-07-26,23:01:18
1353,822,3,[1 2 3 4 5 6 7],2605,491,2,264.46,2021-07-26,23:01:18
1354,251,3,[1 2 3],2195,663,160,581.02,2021-07-26,23:01:18
1355,659,3,[ 1  2  3  4  5  6  7  8  9 10 11 12],949,401,40,2025.44,2021-07-26,23:01:18
1356,102,3,[1 2],1387,535,161,43.67,2021-07-26,23:01:18
1357,531,4,[ 1  2  3  4  5  6  7  8  9 10 11 12],1176,260,134,1687.64,2021-07-26,23:01:18
1358,326,4,[1 2 3 4],2123,516,29,203.86,2021-07-26,23:01:18
1359,93,4,[1 2 3 4],1006,409,207,26.55,2021-07-26,23:01:18
1360,910,4,[1 2 3 4 5 6 7],1414,688,5,64.27,2021-07-26,23:01:18
1361,668,4,[1 2 3],784,419,156,11.93,2021-07-26,23:01:18
1362,761,4,[ 1  2  3  4  5  6  7  8  9 10 11 12],384,582,201,35.47,2021-07-26,23:01:18
1363,991,4,[1 2],3393,642,42,111.04,2021-07-26,23:01:18
1364,410,5,[ 1  2  3  4  5  6  7  8  9 10 11 12],231,781,228,15.43,2021-07-26,23:01:18
1365,434,5,[1 2 3 4],3196,127,183,58.03,2021-07-26,23:01:18
1366,625,5,[1 2 3 4],2121,333,133,258.96,2021-07-26,23:01:18
1367,753,5,[1 2 3 4 5 6 7],3401,600,247,13.57,2021-07-26,23:01:18
1368,617,5,[1 2 3],59,329,140,1142.3,2021-07-26,23:01:18
1369,226,5,[ 1  2  3  4  5  6  7  8  9 10 11 12],3226,305,102,440.93,2021-07-26,23:01:18
1370,328,5,[1 2],3213,775,135,89.44,2021-07-26,23:01:18
1371,489,6,[ 1  2  3  4  5  6  7  8  9 10 11 12],3159,903,248,8.45,2021-07-26,23:01:18
1372,464,6,[1 2 3 4],1451,810,162,7.3,2021-07-26,23:01:18
1373,33,6,[1 2 3 4],3429,376,162,13.61,2021-07-26,23:01:18
1374,783,6,[1 2 3 4 5 6 7],1945,567,9,7.03,2021-07-26,23:01:18
1375,403,6,[1 2 3],3177,717,198,46.59,2021-07-26,23:01:18
1376,170,6,[ 1  2  3  4  5  6  7  8  9 10 11 12],563,831,30,65.47,2021-07-26,23:01:18
1377,492,6,[1 2],61,500,241,806.32,2021-07-26,23:01:18
1378,325,0,[1 2 3 4 5 6 7 8 9],288,331,11,47.57,2005-08-27,22:19:58
1379,124,0,[ 1  2  3  4  5  6  7  8  9 10],2251,808,221,429.79,2005-08-27,22:19:58
1380,771,0,[ 1  2  3  4  5  6  7  8  9 10 11],3614,956,178,36.59,2005-08-27,22:19:58
1381,553,1,[1 2 3 4 5 6 7 8 9],1665,397,78,8.65,2005-08-27,22:19:58
1382,329,1,[ 1  2  3  4  5  6  7  8  9 10],2353,542,167,1450.75,2005-08-27,22:19:58
1383,30,1,[ 1  2  3  4  5  6  7  8  9 10 11],2789,518,239,41.16,2005-08-27,22:19:58
1384,618,2,[1 2 3 4 5 6 7 8 9],1359,236,112,5.88,2005-08-27,22:19:58
1385,544,2,[ 1  2  3  4  5  6  7  8  9 10],1836,829,167,14.52,2005-08-27,22:19:58
1386,30,2,[ 1  2  3  4  5  6  7  8  9 10 11],34,179,80,14.14,2005-08-27,22:19:58
1387,676,0,[1],3263,473,194,20.94,2021-03-11,17:19:49
1388,68,0,[1 2 3 4 5 6],710,532,127,25.41,2021-03-11,17:19:49
1389,802,0,[ 1  2  3  4  5  6  7  8  9 10 11 12],2099,154,156,9.61,2021-03-11,17:19:49
1390,731,1,[1],1218,500,44,11.14,2021-03-11,17:19:49
1391,218,1,[1 2 3 4 5 6],684,48,100,21.86,2021-03-11,17:19:49
1392,893,1,[ 1  2  3  4  5  6  7  8  9 10 11 12],3565,184,212,20.41,2021-03-11,17:19:49
1393,109,2,[1],3067,108,64,49.97,2021-03-11,17:19:49
1394,955,2,[1 2 3 4 5 6],3331,467,125,1221.64,2021-03-11,17:19:49
1395,664,2,[ 1  2  3  4  5  6  7  8  9 10 11 12],1210,216,64,1565.68,2021-03-11,17:19:49
1396,717,0,[1 2 3],1842,4,80,1038.13,2007-05-11,08:20:44
1397,390,0,[ 1  2  3  4  5  6  7  8  9 10 11 12],119,156,130,11.23,2007-05-11,08:20:44
1398,100,0,[ 1  2  3  4  5  6  7  8  9 10 11],420,83,120,5.18,2007-05-11,08:20:44
1399,376,0,[1 2 3 4 5 6 7 8],1939,115,172,24.79,2007-05-11,08:20:44
1400,731,0,[1 2 3 4],1429,230,129,12.84,2007-05-11,08:20:44
1401,253,1,[1 2 3],669,694,85,328.75,2007-05-11,08:20:44
1402,332,1,[ 1  2  3  4  5  6  7  8  9 10 11 12],3712,909,152,6.41,2007-05-11,08:20:44
1403,223,1,[ 1  2  3  4  5  6  7  8  9 10 11],1264,18,20,87.48,2007-05-11,08:20:44
1404,691,1,[1 2 3 4 5 6 7 8],1966,317,88,18.97,2007-05-11,08:20:44
1405,338,1,[1 2 3 4],1214,404,153,37.17,2007-05-11,08:20:44
1406,622,2,[1 2 3],207,824,246,16.54,2007-05-11,08:20:44
1407,218,2,[ 1  2  3  4  5  6  7  8  9 10 11 12],460,419,44,63.97,2007-05-11,08:20:44
1408,415,2,[ 1  2  3  4  5  6  7  8  9 10 11],1164,134,184,14.65,2007-05-11,08:20:44
1409,608,2,[1 2 3 4 5 6 7 8],3515,842,165,43.87,2007-05-11,08:20:44
1410,49,2,[1 2 3 4],2075,882,88,17.18,2007-05-11,08:20:44
1411,340,3,[1 2 3],2641,962,36,14.52,2007-05-11,08:20:44
1412,142,3,[ 1  2  3  4  5  6  7  8  9 10 11 12],269,865,149,5.07,2007-05-11,08:20:44
1413,833,3,[ 1  2  3  4  5  6  7  8  9 10 11],1880,329,9,28.86,2007-05-11,08:20:44
1414,464,3,[1 2 3 4 5 6 7 8],484,212,135,15.18,2007-05-11,08:20:44
1415,863,3,[1 2 3 4],3401,818,197,13.3,2007-05-11,08:20:44
1416,968,4,[1 2 3],1900,656,73,3.41,2007-05-11,08:20:44
1417,908,4,[ 1  2  3  4  5  6  7  8  9 10 11 12],2987,619,203,7.94,2007-05-11,08:20:44
1418,325,4,[ 1  2  3  4  5  6  7  8  9 10 11],2806,97,47,92.81,2007-05-11,08:20:44
1419,379,4,[1 2 3 4 5 6 7 8],3765,651,158,103.43,2007-05-11,08:20:44
1420,603,4,[1 2 3 4],2715,655,249,13.82,2007-05-11,08:20:44
1421,40,0,[1 2 3 4 5 6 7],3016,825,147,28.99,2007-09-21,06:20:58
1422,501,0,[ 1  2  3  4  5  6  7  8  9 10 11],869,493,146,2523.05,2007-09-21,06:20:58
1423,606,0,[1 2 3],843,833,44,53.26,2007-09-21,06:20:58
1424,985,0,[ 1  2  3  4  5  6  7  8  9 10 11],3094,830,200,23.5,2007-09-21,06:20:58
1425,539,0,[1 2],708,204,50,11.11,2007-09-21,06:20:58
1426,559,1,[1 2 3 4 5 6 7],3074,271,76,29.16,2007-09-21,06:20:58
1427,352,1,[ 1  2  3  4  5  6  7  8  9 10 11],2413,60,90,363.87,2007-09-21,06:20:58
1428,83,1,[1 2 3],1935,663,242,11.91,2007-09-21,06:20:58
1429,950,1,[ 1  2  3  4  5  6  7  8  9 10 11],1582,898,12,11.76,2007-09-21,06:20:58
1430,310,1,[1 2],1969,247,232,28.23,2007-09-21,06:20:58
1431,695,2,[1 2 3 4 5 6 7],1272,981,212,19.0,2007-09-21,06:20:58
1432,556,2,[ 1  2  3  4  5  6  7  8  9 10 11],1329,652,145,19.76,2007-09-21,06:20:58
1433,582,2,[1 2 3],1986,620,209,8.07,2007-09-21,06:20:58
1434,24,2,[ 1  2  3  4  5  6  7  8  9 10 11],3639,680,48,136.76,2007-09-21,06:20:58
1435,235,2,[1 2],2065,507,105,92.85,2007-09-21,06:20:58
1436,734,3,[1 2 3 4 5 6 7],2556,159,35,22.42,2007-09-21,06:20:58
1437,355,3,[ 1  2  3  4  5  6  7  8  9 10 11],950,527,197,286.37,2007-09-21,06:20:58
1438,970,3,[1 2 3],2299,623,85,752.11,2007-09-21,06:20:58
1439,338,3,[ 1  2  3  4  5  6  7  8  9 10 11],1836,470,93,12.62,2007-09-21,06:20:58
1440,351,3,[1 2],2615,532,155,107.84,2007-09-21,06:20:58
1441,632,4,[1 2 3 4 5 6 7],3745,889,180,50.04,2007-09-21,06:20:58
1442,33,4,[ 1  2  3  4  5  6  7  8  9 10 11],1629,69,13,11.49,2007-09-21,06:20:58
1443,871,4,[1 2 3],3390,39,219,203.83,2007-09-21,06:20:58
1444,248,4,[ 1  2  3  4  5  6  7  8  9 10 11],3088,340,199,19.09,2007-09-21,06:20:58
1445,316,4,[1 2],679,762,135,13.91,2007-09-21,06:20:58
1446,878,0,[1 2],862,841,226,1291.29,2010-05-31,14:28:24
1447,417,0,[ 1  2  3  4  5  6  7  8  9 10 11 12],758,397,100,13.42,2010-05-31,14:28:24
1448,829,0,[ 1  2  3  4  5  6  7  8  9 10 11],2009,137,204,11.59,2010-05-31,14:28:24
1449,416,1,[1 2],2291,684,98,544.23,2010-05-31,14:28:24
1450,472,1,[ 1  2  3  4  5  6  7  8  9 10 11 12],3209,222,142,29.14,2010-05-31,14:28:24
1451,647,1,[ 1  2  3  4  5  6  7  8  9 10 11],1135,116,198,1808.11,2010-05-31,14:28:24
1452,352,2,[1 2],2950,72,54,24.91,2010-05-31,14:28:24
1453,91,2,[ 1  2  3  4  5  6  7  8  9 10 11 12],3000,654,109,78.78,2010-05-31,14:28:24
1454,830,2,[ 1  2  3  4  5  6  7  8  9 10 11],3611,103,38,9.38,2010-05-31,14:28:24
1455,70,0,[1 2 3 4],611,739,123,1904.91,2008-12-17,20:49:25
1456,963,0,[1 2 3],3553,555,164,116.74,2008-12-17,20:49:25
1457,991,0,[ 1  2  3  4  5  6  7  8  9 10 11 12],2273,736,206,231.0,2008-12-17,20:49:25
1458,88,0,[1 2],2830,452,15,12.4,2008-12-17,20:49:25
1459,53,0,[1 2 3 4 5 6 7 8 9],2755,499,148,8.57,2008-12-17,20:49:25
1460,287,0,[ 1  2  3  4  5  6  7  8  9 10 11],1416,23,93,26.88,2008-12-17,20:49:25
1461,468,0,[ 1  2  3  4  5  6  7  8  9 10 11 12],2688,658,55,147.06,2008-12-17,20:49:25
1462,896,1,[1 2 3 4],2143,299,93,1153.35,2008-12-17,20:49:25
1463,249,1,[1 2 3],2544,760,61,12.24,2008-12-17,20:49:25
1464,125,1,[ 1  2  3  4  5  6  7  8  9 10 11 12],1275,113,152,9.94,2008-12-17,20:49:25
1465,647,1,[1 2],1142,393,239,51.13,2008-12-17,20:49:25
1466,304,1,[1 2 3 4 5 6 7 8 9],1799,770,65,14.05,2008-12-17,20:49:25
1467,991,1,[ 1  2  3  4  5  6  7  8  9 10 11],1850,89,44,28.1,2008-12-17,20:49:25
1468,554,1,[ 1  2  3  4  5  6  7  8  9 10 11 12],706,923,80,42.93,2008-12-17,20:49:25
1469,189,2,[1 2 3 4],1847,791,5,8.35,2008-12-17,20:49:25
1470,541,2,[1 2 3],3299,60,208,43.93,2008-12-17,20:49:25
1471,471,2,[ 1  2  3  4  5  6  7  8  9 10 11 12],2903,930,40,43.36,2008-12-17,20:49:25
1472,425,2,[1 2],3462,5,72,28.08,2008-12-17,20:49:25
1473,912,2,[1 2 3 4 5 6 7 8 9],509,498,67,9.85,2008-12-17,20:49:25
1474,383,2,[ 1  2  3  4  5  6  7  8  9 10 11],2520,824,190,21.31,2008-12-17,20:49:25
1475,265,2,[ 1  2  3  4  5  6  7  8  9 10 11 12],3393,832,40,98.21,2008-12-17,20:49:25
1476,303,3,[1 2 3 4],1872,238,176,13.12,2008-12-17,20:49:25
1477,184,3,[1 2 3],876,201,109,46.8,2008-12-17,20:49:25
1478,400,3,[ 1  2  3  4  5  6  7  8  9 10 11 12],2956,937,19,66.57,2008-12-17,20:49:25
1479,921,3,[1 2],2787,985,62,9.35,2008-12-17,20:49:25
1480,783,3,[1 2 3 4 5 6 7 8 9],500,142,220,42.7,2008-12-17,20:49:25
1481,47,3,[ 1  2  3  4  5  6  7  8  9 10 11],705,87,98,101.56,2008-12-17,20:49:25
1482,374,3,[ 1  2  3  4  5  6  7  8  9 10 11 12],2761,604,193,21.51,2008-12-17,20:49:25
1483,287,4,[1 2 3 4],3693,319,13,122.55,2008-12-17,20:49:25
1484,358,4,[1 2 3],401,829,62,19.22,2008-12-17,20:49:25
1485,85,4,[ 1  2  3  4  5  6  7  8  9 10 11 12],3403,632,189,21.6,2008-12-17,20:49:25
1486,271,4,[1 2],1213,373,181,11.83,2008-12-17,20:49:25
1487,921,4,[1 2 3 4 5 6 7 8 9],2957,514,132,99.2,2008-12-17,20:49:25
1488,481,4,[ 1  2  3  4  5  6  7  8  9 10 11],700,547,7,18.26,2008-12-17,20:49:25
1489,195,4,[ 1  2  3  4  5  6  7  8  9 10 11 12],2499,103,88,14.21,2008-12-17,20:49:25
1490,301,5,[1 2 3 4],1762,978,12,22.95,2008-12-17,20:49:25
1491,78,5,[1 2 3],897,438,95,36.74,2008-12-17,20:49:25
1492,306,5,[ 1  2  3  4  5  6  7  8  9 10 11 12],2800,291,152,54.28,2008-12-17,20:49:25
1493,871,5,[1 2],3802,516,25,144.66,2008-12-17,20:49:25
1494,75,5,[1 2 3 4 5 6 7 8 9],3527,267,231,15.42,2008-12-17,20:49:25
1495,555,5,[ 1  2  3  4  5  6  7  8  9 10 11],1078,529,215,34.29,2008-12-17,20:49:25
1496,857,5,[ 1  2  3  4  5  6  7  8  9 10 11 12],2792,176,204,68.38,2008-12-17,20:49:25
1497,804,6,[1 2 3 4],1494,915,235,93.54,2008-12-17,20:49:25
1498,116,6,[1 2 3],2192,633,114,660.87,2008-12-17,20:49:25
1499,934,6,[ 1  2  3  4  5  6  7  8  9 10 11 12],2056,783,30,13.79,2008-12-17,20:49:25
1500,670,6,[1 2],194,421,243,57.78,2008-12-17,20:49:25
1501,146,6,[1 2 3 4 5 6 7 8 9],2026,316,28,14.51,2008-12-17,20:49:25
