,Buyer_ID,Personal_Order_Number,Personal_Purchase_Number,Product_ID,Seller_ID,Quantity,Price,Fullfill_Date,Sell_Time
0,351,0,[1 2],3435,216,147,51.72,2020-04-26,14:42:24
1,378,0,[1],1942,240,191,120.81,2020-04-26,14:42:24
2,359,0,[1 2 3 4 5],662,9,18,14.49,2020-04-26,14:42:24
3,486,0,[ 1  2  3  4  5  6  7  8  9 10],922,236,39,35.49,2020-04-26,14:42:24
4,350,1,[1 2],604,140,83,36.99,2020-04-26,14:42:24
5,121,1,[1],983,240,111,24.8,2020-04-26,14:42:24
6,359,1,[1 2 3 4 5],474,345,225,20.84,2020-04-26,14:42:24
7,498,1,[ 1  2  3  4  5  6  7  8  9 10],3794,158,81,107.09,2020-04-26,14:42:24
8,297,2,[1 2],1606,164,222,15.67,2020-04-26,14:42:24
9,389,2,[1],492,121,57,63.66,2020-04-26,14:42:24
10,443,2,[1 2 3 4 5],2304,375,222,470.87,2020-04-26,14:42:24
11,202,2,[ 1  2  3  4  5  6  7  8  9 10],860,98,183,64.31,2020-04-26,14:42:24
12,137,3,[1 2],1545,295,175,51.54,2020-04-26,14:42:24
13,73,3,[1],1526,174,31,6.47,2020-04-26,14:42:24
14,475,3,[1 2 3 4 5],3432,431,65,5.87,2020-04-26,14:42:24
15,26,3,[ 1  2  3  4  5  6  7  8  9 10],3165,393,122,116.88,2020-04-26,14:42:24
16,81,4,[1 2 3],1144,317,191,13.09,2002-11-30,10:50:58
17,382,4,[1 2 3 4 5 6 7 8],487,412,61,91.08,2002-11-30,10:50:58
18,295,4,[ 1  2  3  4  5  6  7  8  9 10 11],1460,93,221,27.54,2002-11-30,10:50:58
19,317,4,[ 1  2  3  4  5  6  7  8  9 10 11],514,461,46,31.31,2002-11-30,10:50:58
20,102,4,[ 1  2  3  4  5  6  7  8  9 10 11 12],2335,236,222,987.22,2002-11-30,10:50:58
21,170,4,[1 2 3 4 5 6 7 8],918,486,80,11.87,2002-11-30,10:50:58
22,308,4,[1 2],2352,152,2,270.91,2002-11-30,10:50:58
23,4,5,[1 2 3],2421,418,225,596.86,2002-11-30,10:50:58
24,304,5,[1 2 3 4 5 6 7 8],426,30,174,60.03,2002-11-30,10:50:58
25,148,5,[ 1  2  3  4  5  6  7  8  9 10 11],3557,268,68,41.0,2002-11-30,10:50:58
26,76,5,[ 1  2  3  4  5  6  7  8  9 10 11],3796,430,202,120.77,2002-11-30,10:50:58
27,71,5,[ 1  2  3  4  5  6  7  8  9 10 11 12],2675,305,168,17.58,2002-11-30,10:50:58
28,228,5,[1 2 3 4 5 6 7 8],3384,53,220,113.42,2002-11-30,10:50:58
29,357,5,[1 2],1928,426,69,53.93,2002-11-30,10:50:58
30,305,6,[1 2 3],1948,97,222,17.1,2002-11-30,10:50:58
31,355,6,[1 2 3 4 5 6 7 8],1916,386,206,22.81,2002-11-30,10:50:58
32,359,6,[ 1  2  3  4  5  6  7  8  9 10 11],2482,49,17,7.78,2002-11-30,10:50:58
33,263,6,[ 1  2  3  4  5  6  7  8  9 10 11],659,283,30,79.3,2002-11-30,10:50:58
34,402,6,[ 1  2  3  4  5  6  7  8  9 10 11 12],2656,143,160,9.49,2002-11-30,10:50:58
35,341,6,[1 2 3 4 5 6 7 8],1788,373,2,14.8,2002-11-30,10:50:58
36,105,6,[1 2],2892,247,59,27.03,2002-11-30,10:50:58
37,162,7,[1 2 3],3333,270,229,90.45,2002-11-30,10:50:58
38,295,7,[1 2 3 4 5 6 7 8],1661,399,159,6.35,2002-11-30,10:50:58
39,495,7,[ 1  2  3  4  5  6  7  8  9 10 11],3483,86,182,15.11,2002-11-30,10:50:58
40,243,7,[ 1  2  3  4  5  6  7  8  9 10 11],1984,407,66,10.86,2002-11-30,10:50:58
41,391,7,[ 1  2  3  4  5  6  7  8  9 10 11 12],2988,454,49,1146.77,2002-11-30,10:50:58
42,404,7,[1 2 3 4 5 6 7 8],1154,353,139,183.62,2002-11-30,10:50:58
43,410,7,[1 2],1803,482,231,22.39,2002-11-30,10:50:58
44,284,8,[1 2 3],2114,42,156,973.33,2002-11-30,10:50:58
45,366,8,[1 2 3 4 5 6 7 8],435,361,102,28.18,2002-11-30,10:50:58
46,458,8,[ 1  2  3  4  5  6  7  8  9 10 11],2727,58,35,39.01,2002-11-30,10:50:58
47,126,8,[ 1  2  3  4  5  6  7  8  9 10 11],1449,47,103,920.81,2002-11-30,10:50:58
48,437,8,[ 1  2  3  4  5  6  7  8  9 10 11 12],892,10,197,11.96,2002-11-30,10:50:58
49,108,8,[1 2 3 4 5 6 7 8],2857,62,6,93.43,2002-11-30,10:50:58
50,437,8,[1 2],3132,374,146,13.06,2002-11-30,10:50:58
51,338,9,[1 2 3],1135,424,127,1876.37,2002-11-30,10:50:58
52,177,9,[1 2 3 4 5 6 7 8],2385,265,126,313.86,2002-11-30,10:50:58
53,190,9,[ 1  2  3  4  5  6  7  8  9 10 11],1626,32,192,5.35,2002-11-30,10:50:58
54,6,9,[ 1  2  3  4  5  6  7  8  9 10 11],3789,372,154,50.39,2002-11-30,10:50:58
55,330,9,[ 1  2  3  4  5  6  7  8  9 10 11 12],71,78,88,13.61,2002-11-30,10:50:58
56,288,9,[1 2 3 4 5 6 7 8],2335,247,15,988.71,2002-11-30,10:50:58
57,109,9,[1 2],1929,342,234,14.41,2002-11-30,10:50:58
58,49,10,[1 2 3],501,46,136,52.48,2002-11-30,10:50:58
59,85,10,[1 2 3 4 5 6 7 8],3809,363,85,216.15,2002-11-30,10:50:58
60,72,10,[ 1  2  3  4  5  6  7  8  9 10 11],3746,109,109,116.55,2002-11-30,10:50:58
61,242,10,[ 1  2  3  4  5  6  7  8  9 10 11],680,129,37,130.32,2002-11-30,10:50:58
62,27,10,[ 1  2  3  4  5  6  7  8  9 10 11 12],972,335,240,46.83,2002-11-30,10:50:58
63,302,10,[1 2 3 4 5 6 7 8],3039,434,27,51.74,2002-11-30,10:50:58
64,232,10,[1 2],1100,167,32,31.43,2002-11-30,10:50:58
65,68,11,[1 2 3 4 5 6 7 8 9],1797,129,198,17.33,2009-08-03,03:29:40
66,192,11,[1 2],15,146,240,33.42,2009-08-03,03:29:40
67,294,12,[1 2 3 4 5 6 7 8 9],2762,194,224,291.12,2009-08-03,03:29:40
68,7,12,[1 2],2670,46,54,745.95,2009-08-03,03:29:40
69,128,13,[1 2 3 4],870,447,221,2106.29,2011-11-30,10:53:29
70,4,14,[1 2 3 4 5 6 7 8 9],625,440,26,35.7,2013-09-15,01:10:42
71,321,14,[1 2 3 4 5],231,70,211,12.14,2013-09-15,01:10:42
72,433,14,[1 2],1128,98,235,17.03,2013-09-15,01:10:42
73,267,14,[1 2 3 4],2904,197,52,8.53,2013-09-15,01:10:42
74,162,14,[ 1  2  3  4  5  6  7  8  9 10 11 12],2241,202,98,217.46,2013-09-15,01:10:42
75,155,14,[1 2 3 4 5 6 7 8 9],424,336,118,13.76,2013-09-15,01:10:42
76,60,14,[1 2],2122,211,84,392.62,2013-09-15,01:10:42
77,11,14,[1 2],3094,56,22,29.05,2013-09-15,01:10:42
78,280,15,[1 2 3 4 5 6 7 8 9],1897,3,178,9.17,2013-09-15,01:10:42
79,147,15,[1 2 3 4 5],911,291,221,1841.53,2013-09-15,01:10:42
80,256,15,[1 2],1781,469,194,16.56,2013-09-15,01:10:42
81,358,15,[1 2 3 4],1130,322,39,1936.76,2013-09-15,01:10:42
82,201,15,[ 1  2  3  4  5  6  7  8  9 10 11 12],1010,310,56,33.0,2013-09-15,01:10:42
83,401,15,[1 2 3 4 5 6 7 8 9],1382,443,36,7.78,2013-09-15,01:10:42
84,457,15,[1 2],3232,342,187,38.39,2013-09-15,01:10:42
85,18,15,[1 2],307,12,83,171.23,2013-09-15,01:10:42
86,226,16,[1 2 3 4 5 6 7 8 9],3631,229,18,47.52,2013-09-15,01:10:42
87,210,16,[1 2 3 4 5],3608,207,212,158.16,2013-09-15,01:10:42
88,422,16,[1 2],1299,103,29,37.32,2013-09-15,01:10:42
89,426,16,[1 2 3 4],961,168,181,39.72,2013-09-15,01:10:42
90,336,16,[ 1  2  3  4  5  6  7  8  9 10 11 12],825,421,85,19.19,2013-09-15,01:10:42
91,116,16,[1 2 3 4 5 6 7 8 9],1942,407,209,116.9,2013-09-15,01:10:42
92,243,16,[1 2],1079,127,44,16.88,2013-09-15,01:10:42
93,33,16,[1 2],1432,268,6,12.7,2013-09-15,01:10:42
94,70,17,[1 2 3 4 5 6 7 8 9],1883,99,236,10.22,2013-09-15,01:10:42
95,245,17,[1 2 3 4 5],718,163,165,36.35,2013-09-15,01:10:42
96,82,17,[1 2],2835,140,125,129.59,2013-09-15,01:10:42
97,153,17,[1 2 3 4],2173,471,26,173.37,2013-09-15,01:10:42
98,386,17,[ 1  2  3  4  5  6  7  8  9 10 11 12],3331,338,149,1196.98,2013-09-15,01:10:42
99,50,17,[1 2 3 4 5 6 7 8 9],1461,92,205,16.86,2013-09-15,01:10:42
100,320,17,[1 2],1740,275,230,45.86,2013-09-15,01:10:42
101,497,17,[1 2],2337,111,249,567.67,2013-09-15,01:10:42
102,267,18,[1 2 3 4 5 6 7 8 9],1303,329,81,23.53,2013-09-15,01:10:42
103,340,18,[1 2 3 4 5],2090,413,209,26.0,2013-09-15,01:10:42
104,382,18,[1 2],1169,109,97,76.24,2013-09-15,01:10:42
105,418,18,[1 2 3 4],58,464,224,115.6,2013-09-15,01:10:42
106,176,18,[ 1  2  3  4  5  6  7  8  9 10 11 12],2278,388,48,443.26,2013-09-15,01:10:42
107,62,18,[1 2 3 4 5 6 7 8 9],2507,448,51,116.58,2013-09-15,01:10:42
108,83,18,[1 2],944,314,183,69.96,2013-09-15,01:10:42
109,427,18,[1 2],681,452,200,8.39,2013-09-15,01:10:42
110,82,19,[1 2 3 4 5 6 7 8 9],2039,139,160,32.58,2013-09-15,01:10:42
111,349,19,[1 2 3 4 5],1137,210,57,35.71,2013-09-15,01:10:42
112,196,19,[1 2],3061,300,196,24.14,2013-09-15,01:10:42
113,270,19,[1 2 3 4],1382,60,97,8.97,2013-09-15,01:10:42
114,290,19,[ 1  2  3  4  5  6  7  8  9 10 11 12],2590,460,23,54.49,2013-09-15,01:10:42
115,296,19,[1 2 3 4 5 6 7 8 9],775,46,60,21.46,2013-09-15,01:10:42
116,205,19,[1 2],227,357,24,11.46,2013-09-15,01:10:42
117,137,19,[1 2],721,473,200,32.63,2013-09-15,01:10:42
118,479,20,[1 2 3 4 5 6 7 8 9],134,196,70,156.18,2013-09-15,01:10:42
119,202,20,[1 2 3 4 5],261,95,247,6.47,2013-09-15,01:10:42
120,214,20,[1 2],1648,137,147,14.05,2013-09-15,01:10:42
121,413,20,[1 2 3 4],3164,254,152,166.23,2013-09-15,01:10:42
122,67,20,[ 1  2  3  4  5  6  7  8  9 10 11 12],1723,360,42,7.14,2013-09-15,01:10:42
123,334,20,[1 2 3 4 5 6 7 8 9],3202,85,103,18.15,2013-09-15,01:10:42
124,433,20,[1 2],379,403,141,40.69,2013-09-15,01:10:42
125,390,20,[1 2],1468,215,35,9.66,2013-09-15,01:10:42
126,272,21,[1 2 3 4 5 6 7 8 9],1246,415,183,15.18,2013-09-15,01:10:42
127,233,21,[1 2 3 4 5],3712,159,24,5.26,2013-09-15,01:10:42
128,477,21,[1 2],1987,413,155,51.83,2013-09-15,01:10:42
129,494,21,[1 2 3 4],2346,145,186,229.24,2013-09-15,01:10:42
130,65,21,[ 1  2  3  4  5  6  7  8  9 10 11 12],895,259,31,31.95,2013-09-15,01:10:42
131,328,21,[1 2 3 4 5 6 7 8 9],2230,149,9,684.33,2013-09-15,01:10:42
132,114,21,[1 2],2115,440,172,299.76,2013-09-15,01:10:42
133,0,21,[1 2],2693,179,75,37.37,2013-09-15,01:10:42
134,236,22,[1 2 3 4 5 6 7 8 9],895,485,123,30.62,2001-06-02,05:14:52
135,209,22,[1 2 3],2499,347,70,14.77,2001-06-02,05:14:52
136,245,22,[1 2 3 4 5 6 7 8 9],1360,30,116,96.45,2001-06-02,05:14:52
137,63,22,[1 2 3],3015,38,239,30.01,2001-06-02,05:14:52
138,269,22,[1 2 3],2996,136,205,195.52,2001-06-02,05:14:52
139,189,22,[1 2 3 4 5 6],565,304,191,39.09,2001-06-02,05:14:52
140,94,23,[1 2 3 4 5 6 7 8 9],3115,271,213,164.65,2001-06-02,05:14:52
141,286,23,[1 2 3],1630,57,160,19.27,2001-06-02,05:14:52
142,478,23,[1 2 3 4 5 6 7 8 9],31,424,101,60.06,2001-06-02,05:14:52
143,114,23,[1 2 3],2840,182,209,32.83,2001-06-02,05:14:52
144,278,23,[1 2 3],2522,46,219,784.91,2001-06-02,05:14:52
145,464,23,[1 2 3 4 5 6],3273,62,198,17.06,2001-06-02,05:14:52
146,53,24,[1 2 3 4 5 6 7 8 9],1085,241,120,103.75,2001-06-02,05:14:52
147,342,24,[1 2 3],784,10,38,8.01,2001-06-02,05:14:52
148,454,24,[1 2 3 4 5 6 7 8 9],3054,271,159,8.57,2001-06-02,05:14:52
149,351,24,[1 2 3],3109,440,36,12.17,2001-06-02,05:14:52
150,306,24,[1 2 3],3117,332,142,563.07,2001-06-02,05:14:52
151,287,24,[1 2 3 4 5 6],2961,340,135,15.07,2001-06-02,05:14:52
152,306,25,[1 2 3 4 5 6 7 8 9],1737,77,2,33.44,2001-06-02,05:14:52
153,190,25,[1 2 3],253,115,199,73.52,2001-06-02,05:14:52
154,443,25,[1 2 3 4 5 6 7 8 9],2952,383,240,66.78,2001-06-02,05:14:52
155,312,25,[1 2 3],2383,297,44,61.51,2001-06-02,05:14:52
156,204,25,[1 2 3],2441,442,113,13.99,2001-06-02,05:14:52
157,158,25,[1 2 3 4 5 6],1114,404,223,18.16,2001-06-02,05:14:52
158,497,26,[1 2 3 4 5 6 7 8 9],2386,196,94,88.03,2001-06-02,05:14:52
159,182,26,[1 2 3],1455,414,161,10.29,2001-06-02,05:14:52
160,18,26,[1 2 3 4 5 6 7 8 9],1077,47,40,14.55,2001-06-02,05:14:52
161,159,26,[1 2 3],1683,133,17,29.77,2001-06-02,05:14:52
162,479,26,[1 2 3],2070,238,27,88.97,2001-06-02,05:14:52
163,89,26,[1 2 3 4 5 6],2911,128,191,9.52,2001-06-02,05:14:52
164,54,27,[1 2 3 4 5 6 7 8 9],2868,482,242,18.71,2001-06-02,05:14:52
165,300,27,[1 2 3],498,169,164,63.98,2001-06-02,05:14:52
166,339,27,[1 2 3 4 5 6 7 8 9],2834,308,53,18.67,2001-06-02,05:14:52
167,470,27,[1 2 3],1224,483,90,1406.59,2001-06-02,05:14:52
168,252,27,[1 2 3],1924,47,227,23.94,2001-06-02,05:14:52
169,96,27,[1 2 3 4 5 6],1806,331,245,8.29,2001-06-02,05:14:52
170,418,28,[1 2 3 4 5 6 7 8 9],1800,482,58,109.62,2013-02-07,22:36:18
171,214,28,[1 2 3 4 5 6 7 8 9],1796,438,118,11.74,2013-02-07,22:36:18
172,28,28,[1],60,318,49,36.02,2013-02-07,22:36:18
173,159,29,[1 2 3 4 5 6 7 8 9],2763,370,118,10.36,2013-02-07,22:36:18
174,373,29,[1 2 3 4 5 6 7 8 9],3056,152,55,13.64,2013-02-07,22:36:18
175,109,29,[1],3599,480,232,5.59,2013-02-07,22:36:18
176,435,30,[1 2 3 4 5 6 7 8 9],1041,181,149,16.73,2013-02-07,22:36:18
177,341,30,[1 2 3 4 5 6 7 8 9],619,121,18,10.83,2013-02-07,22:36:18
178,130,30,[1],3338,134,211,9.73,2013-02-07,22:36:18
179,250,31,[ 1  2  3  4  5  6  7  8  9 10 11 12],171,120,196,8.88,2006-05-28,04:47:35
180,200,31,[1 2 3 4 5],497,141,228,12.65,2006-05-28,04:47:35
181,42,32,[ 1  2  3  4  5  6  7  8  9 10 11 12],2732,290,69,42.32,2006-05-28,04:47:35
182,310,32,[1 2 3 4 5],570,279,25,63.88,2006-05-28,04:47:35
183,432,33,[1 2 3 4 5],3607,239,89,9.82,2006-01-04,13:44:38
184,222,33,[1 2 3 4 5 6 7 8 9],1184,45,212,8.19,2006-01-04,13:44:38
185,287,34,[1 2 3 4 5],3400,448,197,48.45,2006-01-04,13:44:38
186,273,34,[1 2 3 4 5 6 7 8 9],496,263,40,15.06,2006-01-04,13:44:38
187,121,35,[1 2 3],3315,20,82,25.11,2009-05-02,14:38:17
188,69,35,[1 2 3 4 5 6 7 8],546,255,57,19.88,2009-05-02,14:38:17
189,441,35,[1],1698,421,130,23.58,2009-05-02,14:38:17
190,64,35,[1 2],3563,325,29,38.81,2009-05-02,14:38:17
191,316,35,[ 1  2  3  4  5  6  7  8  9 10 11 12],2921,117,240,15.24,2009-05-02,14:38:17
192,121,35,[1 2 3 4 5],2098,12,194,17.48,2009-05-02,14:38:17
193,120,35,[1 2 3 4 5],2156,90,85,277.28,2009-05-02,14:38:17
194,253,36,[1 2 3],1162,237,196,533.11,2009-05-02,14:38:17
195,77,36,[1 2 3 4 5 6 7 8],2935,45,175,59.07,2009-05-02,14:38:17
196,481,36,[1],2542,210,46,252.17,2009-05-02,14:38:17
197,34,36,[1 2],1586,395,214,16.9,2009-05-02,14:38:17
198,155,36,[ 1  2  3  4  5  6  7  8  9 10 11 12],375,320,122,11.21,2009-05-02,14:38:17
199,11,36,[1 2 3 4 5],1860,188,52,14.39,2009-05-02,14:38:17
200,115,36,[1 2 3 4 5],604,192,65,38.31,2009-05-02,14:38:17
201,444,37,[1 2 3],3126,499,187,36.15,2009-05-02,14:38:17
202,362,37,[1 2 3 4 5 6 7 8],1670,339,111,15.66,2009-05-02,14:38:17
203,126,37,[1],3196,263,60,66.43,2009-05-02,14:38:17
204,153,37,[1 2],1657,224,57,16.36,2009-05-02,14:38:17
205,314,37,[ 1  2  3  4  5  6  7  8  9 10 11 12],3555,302,182,19.21,2009-05-02,14:38:17
206,8,37,[1 2 3 4 5],560,209,79,1853.54,2009-05-02,14:38:17
207,396,37,[1 2 3 4 5],136,342,54,19.86,2009-05-02,14:38:17
208,303,38,[1 2 3],3610,432,76,7.56,2009-05-02,14:38:17
209,120,38,[1 2 3 4 5 6 7 8],2450,413,76,5.48,2009-05-02,14:38:17
210,455,38,[1],2346,49,55,208.87,2009-05-02,14:38:17
211,387,38,[1 2],275,296,70,14.95,2009-05-02,14:38:17
212,40,38,[ 1  2  3  4  5  6  7  8  9 10 11 12],427,320,243,9.63,2009-05-02,14:38:17
213,289,38,[1 2 3 4 5],1964,197,80,32.78,2009-05-02,14:38:17
214,186,38,[1 2 3 4 5],2290,69,156,1208.84,2009-05-02,14:38:17
215,36,39,[1 2 3],336,469,159,15.32,2009-05-02,14:38:17
216,310,39,[1 2 3 4 5 6 7 8],3626,398,196,24.12,2009-05-02,14:38:17
217,418,39,[1],2476,467,32,25.61,2009-05-02,14:38:17
218,136,39,[1 2],2689,440,68,39.97,2009-05-02,14:38:17
219,44,39,[ 1  2  3  4  5  6  7  8  9 10 11 12],3736,174,160,48.22,2009-05-02,14:38:17
220,165,39,[1 2 3 4 5],609,229,76,46.53,2009-05-02,14:38:17
221,454,39,[1 2 3 4 5],3667,49,248,17.61,2009-05-02,14:38:17
222,361,40,[1 2 3],3674,358,183,22.92,2009-05-02,14:38:17
223,186,40,[1 2 3 4 5 6 7 8],3130,359,146,6.5,2009-05-02,14:38:17
224,364,40,[1],1682,62,167,11.78,2009-05-02,14:38:17
225,303,40,[1 2],944,314,151,69.96,2009-05-02,14:38:17
226,342,40,[ 1  2  3  4  5  6  7  8  9 10 11 12],3336,359,6,53.62,2009-05-02,14:38:17
227,245,40,[1 2 3 4 5],1057,330,12,1385.87,2009-05-02,14:38:17
228,139,40,[1 2 3 4 5],2615,60,20,89.3,2009-05-02,14:38:17
229,360,41,[1 2 3],1065,437,144,11.77,2009-05-02,14:38:17
230,124,41,[1 2 3 4 5 6 7 8],2352,23,248,314.57,2009-05-02,14:38:17
231,171,41,[1],1348,285,240,104.05,2009-05-02,14:38:17
232,46,41,[1 2],3559,46,34,19.83,2009-05-02,14:38:17
233,456,41,[ 1  2  3  4  5  6  7  8  9 10 11 12],62,299,92,16.15,2009-05-02,14:38:17
234,483,41,[1 2 3 4 5],953,433,65,80.3,2009-05-02,14:38:17
235,386,41,[1 2 3 4 5],3165,452,146,116.2,2009-05-02,14:38:17
236,451,42,[1],573,25,138,7.29,2018-11-20,02:53:21
237,286,42,[1],2464,126,7,89.6,2018-11-20,02:53:21
238,256,42,[1],1497,418,26,8.39,2018-11-20,02:53:21
239,26,42,[1 2 3 4],479,259,113,56.27,2018-11-20,02:53:21
240,469,42,[1 2 3 4 5 6 7],1652,361,53,12.43,2018-11-20,02:53:21
241,146,42,[ 1  2  3  4  5  6  7  8  9 10],2492,177,247,18.56,2018-11-20,02:53:21
242,280,43,[1],985,197,93,19.02,2018-11-20,02:53:21
243,291,43,[1],679,169,239,16.14,2018-11-20,02:53:21
244,257,43,[1],1035,107,152,184.12,2018-11-20,02:53:21
245,377,43,[1 2 3 4],3467,50,118,21.62,2018-11-20,02:53:21
246,29,43,[1 2 3 4 5 6 7],2488,63,151,80.71,2018-11-20,02:53:21
247,425,43,[ 1  2  3  4  5  6  7  8  9 10],3564,420,15,17.48,2018-11-20,02:53:21
248,244,44,[1],1977,484,160,22.33,2018-11-20,02:53:21
249,180,44,[1],3597,187,76,22.8,2018-11-20,02:53:21
250,350,44,[1],309,340,34,10.83,2018-11-20,02:53:21
251,127,44,[1 2 3 4],2835,140,1,129.59,2018-11-20,02:53:21
252,427,44,[1 2 3 4 5 6 7],256,386,237,13.75,2018-11-20,02:53:21
253,124,44,[ 1  2  3  4  5  6  7  8  9 10],1606,400,203,15.04,2018-11-20,02:53:21
254,331,45,[1],248,305,20,79.66,2018-11-20,02:53:21
255,490,45,[1],1931,30,124,7.82,2018-11-20,02:53:21
256,315,45,[1],626,130,249,8.88,2018-11-20,02:53:21
257,378,45,[1 2 3 4],332,126,127,11.18,2018-11-20,02:53:21
258,307,45,[1 2 3 4 5 6 7],238,464,196,12.22,2018-11-20,02:53:21
259,201,45,[ 1  2  3  4  5  6  7  8  9 10],1106,318,247,43.35,2018-11-20,02:53:21
260,156,46,[1],1369,26,248,719.28,2018-11-20,02:53:21
261,36,46,[1],492,349,96,70.64,2018-11-20,02:53:21
262,151,46,[1],3756,59,120,41.71,2018-11-20,02:53:21
263,3,46,[1 2 3 4],2866,25,66,21.56,2018-11-20,02:53:21
264,238,46,[1 2 3 4 5 6 7],1951,229,224,73.22,2018-11-20,02:53:21
265,484,46,[ 1  2  3  4  5  6  7  8  9 10],136,463,48,21.69,2018-11-20,02:53:21
266,120,47,[1],2187,280,66,227.54,2018-11-20,02:53:21
267,205,47,[1],2839,371,185,217.78,2018-11-20,02:53:21
268,346,47,[1],1954,443,59,19.3,2018-11-20,02:53:21
269,148,47,[1 2 3 4],2202,10,147,38.8,2018-11-20,02:53:21
270,185,47,[1 2 3 4 5 6 7],1226,263,227,1641.2,2018-11-20,02:53:21
271,206,47,[ 1  2  3  4  5  6  7  8  9 10],2076,269,43,47.92,2018-11-20,02:53:21
272,191,48,[1 2 3],2396,334,47,208.48,2022-03-03,11:40:59
273,374,48,[1 2 3 4 5 6 7 8],3725,194,116,25.06,2022-03-03,11:40:59
274,484,48,[1],3354,460,1,49.47,2022-03-03,11:40:59
275,18,49,[1 2 3],2053,164,50,17.95,2022-03-03,11:40:59
276,158,49,[1 2 3 4 5 6 7 8],558,22,210,510.21,2022-03-03,11:40:59
277,452,49,[1],2202,297,166,34.71,2022-03-03,11:40:59
278,176,50,[1 2 3],296,394,69,8.55,2022-03-03,11:40:59
279,263,50,[1 2 3 4 5 6 7 8],825,273,66,20.55,2022-03-03,11:40:59
280,268,50,[1],2874,326,56,474.17,2022-03-03,11:40:59
281,454,51,[1 2 3 4 5 6],1010,310,72,33.0,2007-04-29,18:06:44
282,155,51,[1 2 3 4],2977,50,219,14.68,2007-04-29,18:06:44
283,64,51,[1 2 3 4 5],2875,308,239,165.18,2007-04-29,18:06:44
284,489,51,[1 2 3 4 5 6 7],1474,257,91,22.64,2007-04-29,18:06:44
285,47,51,[1],2030,231,224,25.22,2007-04-29,18:06:44
286,82,51,[1 2 3 4 5 6],527,462,233,22.9,2007-04-29,18:06:44
287,43,51,[1 2 3 4 5 6 7 8],3339,388,43,19.29,2007-04-29,18:06:44
288,222,52,[1 2 3 4 5 6],1704,394,209,17.83,2007-04-29,18:06:44
289,162,52,[1 2 3 4],660,40,195,8.92,2007-04-29,18:06:44
290,365,52,[1 2 3 4 5],1496,268,18,13.43,2007-04-29,18:06:44
291,412,52,[1 2 3 4 5 6 7],1344,121,156,15.22,2007-04-29,18:06:44
292,263,52,[1],2157,44,87,187.95,2007-04-29,18:06:44
293,25,52,[1 2 3 4 5 6],3022,387,202,41.43,2007-04-29,18:06:44
294,32,52,[1 2 3 4 5 6 7 8],1898,64,215,10.9,2007-04-29,18:06:44
295,347,53,[1 2 3 4 5 6],3529,100,112,38.79,2007-04-29,18:06:44
296,151,53,[1 2 3 4],2736,415,17,19.2,2007-04-29,18:06:44
297,140,53,[1 2 3 4 5],1791,241,210,31.88,2007-04-29,18:06:44
298,49,53,[1 2 3 4 5 6 7],1653,9,87,10.12,2007-04-29,18:06:44
299,247,53,[1],3755,16,69,13.93,2007-04-29,18:06:44
300,490,53,[1 2 3 4 5 6],2361,232,36,948.38,2007-04-29,18:06:44
301,159,53,[1 2 3 4 5 6 7 8],3403,424,93,17.5,2007-04-29,18:06:44
302,184,54,[1 2 3 4 5 6],1029,326,103,114.88,2007-04-29,18:06:44
303,71,54,[1 2 3 4],1808,22,202,23.76,2007-04-29,18:06:44
304,456,54,[1 2 3 4 5],3756,151,208,41.57,2007-04-29,18:06:44
305,52,54,[1 2 3 4 5 6 7],1228,278,53,83.98,2007-04-29,18:06:44
306,463,54,[1],1765,282,122,8.87,2007-04-29,18:06:44
307,278,54,[1 2 3 4 5 6],3417,107,47,31.71,2007-04-29,18:06:44
308,30,54,[1 2 3 4 5 6 7 8],3799,325,69,95.81,2007-04-29,18:06:44
309,176,55,[1 2 3 4 5 6],3693,255,128,122.31,2007-04-29,18:06:44
310,364,55,[1 2 3 4],3531,304,162,96.24,2007-04-29,18:06:44
311,256,55,[1 2 3 4 5],2421,272,187,569.77,2007-04-29,18:06:44
312,83,55,[1 2 3 4 5 6 7],3472,11,137,5.39,2007-04-29,18:06:44
313,18,55,[1],676,77,169,38.16,2007-04-29,18:06:44
314,476,55,[1 2 3 4 5 6],918,102,18,11.64,2007-04-29,18:06:44
315,467,55,[1 2 3 4 5 6 7 8],3157,335,5,27.01,2007-04-29,18:06:44
316,390,56,[1 2 3 4 5 6],1141,157,208,12.25,2007-04-29,18:06:44
317,29,56,[1 2 3 4],944,191,79,71.88,2007-04-29,18:06:44
318,440,56,[1 2 3 4 5],2042,227,57,12.46,2007-04-29,18:06:44
319,306,56,[1 2 3 4 5 6 7],2168,237,42,391.83,2007-04-29,18:06:44
320,196,56,[1],303,420,66,31.0,2007-04-29,18:06:44
321,299,56,[1 2 3 4 5 6],259,143,66,12.58,2007-04-29,18:06:44
322,178,56,[1 2 3 4 5 6 7 8],116,215,37,37.4,2007-04-29,18:06:44
323,272,57,[1 2 3 4 5 6],358,241,229,15.19,2007-04-29,18:06:44
324,5,57,[1 2 3 4],1424,331,59,16.86,2007-04-29,18:06:44
325,19,57,[1 2 3 4 5],351,108,86,34.26,2007-04-29,18:06:44
326,339,57,[1 2 3 4 5 6 7],2487,219,156,223.62,2007-04-29,18:06:44
327,297,57,[1],789,272,55,44.9,2007-04-29,18:06:44
328,372,57,[1 2 3 4 5 6],2211,413,235,145.8,2007-04-29,18:06:44
329,233,57,[1 2 3 4 5 6 7 8],3719,452,93,13.67,2007-04-29,18:06:44
330,407,58,[1 2 3 4 5 6],95,94,133,13.48,2007-06-30,13:53:59
331,87,59,[1 2],1222,324,78,8.65,2007-07-27,16:45:11
332,494,59,[1 2 3 4 5 6 7 8 9],2960,480,26,17.64,2007-07-27,16:45:11
333,18,59,[ 1  2  3  4  5  6  7  8  9 10],915,295,101,12.45,2007-07-27,16:45:11
334,257,59,[1 2 3],445,63,50,14.18,2007-07-27,16:45:11
335,171,59,[1 2 3 4 5 6 7 8],3284,484,60,152.93,2007-07-27,16:45:11
336,33,60,[1 2],2814,276,44,22.59,2007-07-27,16:45:11
337,340,60,[1 2 3 4 5 6 7 8 9],3162,406,233,784.23,2007-07-27,16:45:11
338,235,60,[ 1  2  3  4  5  6  7  8  9 10],2206,463,85,345.85,2007-07-27,16:45:11
339,112,60,[1 2 3],284,65,168,5.17,2007-07-27,16:45:11
340,45,60,[1 2 3 4 5 6 7 8],168,167,158,11.62,2007-07-27,16:45:11
341,460,61,[1 2],2821,68,74,17.03,2007-07-27,16:45:11
342,139,61,[1 2 3 4 5 6 7 8 9],3740,0,65,32.86,2007-07-27,16:45:11
343,453,61,[ 1  2  3  4  5  6  7  8  9 10],361,286,39,44.82,2007-07-27,16:45:11
344,476,61,[1 2 3],168,425,18,8.87,2007-07-27,16:45:11
345,18,61,[1 2 3 4 5 6 7 8],2794,162,37,52.16,2007-07-27,16:45:11
346,198,62,[1 2],2029,245,84,26.18,2007-07-27,16:45:11
347,352,62,[1 2 3 4 5 6 7 8 9],482,260,182,20.57,2007-07-27,16:45:11
348,333,62,[ 1  2  3  4  5  6  7  8  9 10],317,392,133,5.9,2007-07-27,16:45:11
349,496,62,[1 2 3],927,69,196,43.41,2007-07-27,16:45:11
350,62,62,[1 2 3 4 5 6 7 8],3656,48,36,80.04,2007-07-27,16:45:11
351,11,63,[1 2],2849,221,195,14.17,2007-07-27,16:45:11
352,360,63,[1 2 3 4 5 6 7 8 9],1808,442,79,23.2,2007-07-27,16:45:11
353,320,63,[ 1  2  3  4  5  6  7  8  9 10],406,238,216,58.22,2007-07-27,16:45:11
354,214,63,[1 2 3],2114,223,160,1047.77,2007-07-27,16:45:11
355,234,63,[1 2 3 4 5 6 7 8],1759,229,250,19.9,2007-07-27,16:45:11
356,201,64,[1 2],316,82,19,9.7,2022-09-08,13:45:10
357,53,65,[1 2 3 4 5 6],1799,297,166,15.1,2015-07-06,08:07:17
358,163,65,[1 2 3 4 5],2255,87,118,212.21,2015-07-06,08:07:17
359,89,65,[1 2 3 4 5],1977,317,55,21.17,2015-07-06,08:07:17
360,305,65,[1 2 3 4 5 6],2885,139,32,14.92,2015-07-06,08:07:17
361,16,65,[1 2 3 4 5 6],468,326,166,56.84,2015-07-06,08:07:17
362,205,65,[1 2 3 4 5 6 7 8],3712,154,220,6.47,2015-07-06,08:07:17
363,442,65,[ 1  2  3  4  5  6  7  8  9 10 11 12],3063,372,100,74.64,2015-07-06,08:07:17
364,328,65,[ 1  2  3  4  5  6  7  8  9 10],3639,376,111,138.55,2015-07-06,08:07:17
365,389,66,[1 2 3 4 5 6],1456,154,99,11.73,2015-07-06,08:07:17
366,22,66,[1 2 3 4 5],3423,282,187,1052.66,2015-07-06,08:07:17
367,417,66,[1 2 3 4 5],785,135,193,108.78,2015-07-06,08:07:17
368,107,66,[1 2 3 4 5 6],112,307,220,8.56,2015-07-06,08:07:17
369,13,66,[1 2 3 4 5 6],685,210,49,204.27,2015-07-06,08:07:17
370,30,66,[1 2 3 4 5 6 7 8],2697,499,23,7.36,2015-07-06,08:07:17
371,9,66,[ 1  2  3  4  5  6  7  8  9 10 11 12],515,199,164,45.36,2015-07-06,08:07:17
372,222,66,[ 1  2  3  4  5  6  7  8  9 10],2793,210,240,6.27,2015-07-06,08:07:17
373,211,67,[1 2 3 4 5 6],3158,94,155,39.26,2015-07-06,08:07:17
374,371,67,[1 2 3 4 5],1984,39,227,8.83,2015-07-06,08:07:17
375,492,67,[1 2 3 4 5],2853,162,138,18.65,2015-07-06,08:07:17
376,104,67,[1 2 3 4 5 6],2062,166,137,13.29,2015-07-06,08:07:17
377,404,67,[1 2 3 4 5 6],1152,247,234,462.94,2015-07-06,08:07:17
378,266,67,[1 2 3 4 5 6 7 8],3081,299,151,451.21,2015-07-06,08:07:17
379,189,67,[ 1  2  3  4  5  6  7  8  9 10 11 12],2721,419,97,26.94,2015-07-06,08:07:17
380,332,67,[ 1  2  3  4  5  6  7  8  9 10],3729,453,201,29.07,2015-07-06,08:07:17
381,239,68,[1 2 3 4 5 6],2756,255,57,17.44,2015-07-06,08:07:17
382,175,68,[1 2 3 4 5],3054,431,46,10.56,2015-07-06,08:07:17
383,77,68,[1 2 3 4 5],695,96,3,11.09,2015-07-06,08:07:17
384,150,68,[1 2 3 4 5 6],2782,365,153,485.58,2015-07-06,08:07:17
385,264,68,[1 2 3 4 5 6],1500,403,102,8.12,2015-07-06,08:07:17
386,380,68,[1 2 3 4 5 6 7 8],2522,289,101,903.27,2015-07-06,08:07:17
387,89,68,[ 1  2  3  4  5  6  7  8  9 10 11 12],2335,387,190,955.08,2015-07-06,08:07:17
388,414,68,[ 1  2  3  4  5  6  7  8  9 10],2879,432,34,9.99,2015-07-06,08:07:17
389,211,69,[1 2 3 4 5 6],3563,77,249,38.8,2015-07-06,08:07:17
390,375,69,[1 2 3 4 5],53,424,250,35.98,2015-07-06,08:07:17
391,104,69,[1 2 3 4 5],3772,49,250,10.36,2015-07-06,08:07:17
392,25,69,[1 2 3 4 5 6],3689,419,113,201.77,2015-07-06,08:07:17
393,376,69,[1 2 3 4 5 6],403,130,141,13.04,2015-07-06,08:07:17
394,416,69,[1 2 3 4 5 6 7 8],1918,154,229,14.32,2015-07-06,08:07:17
395,319,69,[ 1  2  3  4  5  6  7  8  9 10 11 12],1038,60,7,52.9,2015-07-06,08:07:17
396,317,69,[ 1  2  3  4  5  6  7  8  9 10],2622,241,161,72.39,2015-07-06,08:07:17
397,265,70,[1 2 3 4 5 6],1110,209,134,161.4,2015-07-06,08:07:17
398,319,70,[1 2 3 4 5],679,149,112,16.48,2015-07-06,08:07:17
399,156,70,[1 2 3 4 5],3381,11,66,80.86,2015-07-06,08:07:17
400,153,70,[1 2 3 4 5 6],1351,337,177,24.85,2015-07-06,08:07:17
401,389,70,[1 2 3 4 5 6],1924,329,216,23.47,2015-07-06,08:07:17
402,257,70,[1 2 3 4 5 6 7 8],2260,71,241,519.04,2015-07-06,08:07:17
403,395,70,[ 1  2  3  4  5  6  7  8  9 10 11 12],3364,495,160,53.41,2015-07-06,08:07:17
404,471,70,[ 1  2  3  4  5  6  7  8  9 10],1766,234,19,11.96,2015-07-06,08:07:17
405,212,71,[1 2 3 4 5 6],2287,178,58,858.5,2015-07-06,08:07:17
406,281,71,[1 2 3 4 5],2422,121,136,41.9,2015-07-06,08:07:17
407,211,71,[1 2 3 4 5],2829,151,58,473.81,2015-07-06,08:07:17
408,351,71,[1 2 3 4 5 6],2495,217,247,12.8,2015-07-06,08:07:17
409,419,71,[1 2 3 4 5 6],3196,36,196,62.57,2015-07-06,08:07:17
410,117,71,[1 2 3 4 5 6 7 8],3745,90,21,52.74,2015-07-06,08:07:17
411,312,71,[ 1  2  3  4  5  6  7  8  9 10 11 12],1045,191,36,111.78,2015-07-06,08:07:17
412,311,71,[ 1  2  3  4  5  6  7  8  9 10],2458,420,241,21.19,2015-07-06,08:07:17
413,365,72,[1 2 3 4 5 6],1245,478,175,1765.22,2015-07-06,08:07:17
414,189,72,[1 2 3 4 5],1689,481,247,8.63,2015-07-06,08:07:17
415,265,72,[1 2 3 4 5],66,264,200,23.86,2015-07-06,08:07:17
416,121,72,[1 2 3 4 5 6],677,309,20,13.41,2015-07-06,08:07:17
417,55,72,[1 2 3 4 5 6],284,96,164,6.92,2015-07-06,08:07:17
418,36,72,[1 2 3 4 5 6 7 8],1801,472,204,24.14,2015-07-06,08:07:17
419,353,72,[ 1  2  3  4  5  6  7  8  9 10 11 12],3191,287,104,43.49,2015-07-06,08:07:17
420,429,72,[ 1  2  3  4  5  6  7  8  9 10],1685,387,198,9.49,2015-07-06,08:07:17
421,187,73,[1 2 3 4 5 6 7 8 9],2186,437,152,65.26,2005-02-12,01:41:30
422,416,73,[1 2 3 4 5 6 7],2554,399,48,32.2,2005-02-12,01:41:30
423,161,74,[1 2 3 4 5 6 7 8 9],1079,127,187,16.88,2005-02-12,01:41:30
424,117,74,[1 2 3 4 5 6 7],1088,120,231,85.41,2005-02-12,01:41:30
425,262,75,[1 2 3 4 5],2108,133,196,253.01,2000-10-09,13:49:56
426,72,75,[1 2 3 4 5 6 7],3570,438,201,544.08,2000-10-09,13:49:56
427,454,75,[ 1  2  3  4  5  6  7  8  9 10 11],603,177,157,1404.5,2000-10-09,13:49:56
428,297,75,[1 2],640,345,72,32.63,2000-10-09,13:49:56
429,304,75,[ 1  2  3  4  5  6  7  8  9 10 11],3226,336,147,405.69,2000-10-09,13:49:56
430,464,75,[1 2 3 4 5 6 7],1386,42,94,20.01,2000-10-09,13:49:56
431,193,76,[1 2 3 4 5],3593,70,50,8.4,2000-10-09,13:49:56
432,202,76,[1 2 3 4 5 6 7],3468,269,73,149.93,2000-10-09,13:49:56
433,71,76,[ 1  2  3  4  5  6  7  8  9 10 11],1895,213,93,14.6,2000-10-09,13:49:56
434,323,76,[1 2],72,12,69,87.91,2000-10-09,13:49:56
435,214,76,[ 1  2  3  4  5  6  7  8  9 10 11],3182,99,214,16.96,2000-10-09,13:49:56
436,130,76,[1 2 3 4 5 6 7],1849,195,228,17.37,2000-10-09,13:49:56
437,358,77,[1 2 3 4 5],2064,405,23,10.25,2000-10-09,13:49:56
438,121,77,[1 2 3 4 5 6 7],1045,51,143,123.75,2000-10-09,13:49:56
439,424,77,[ 1  2  3  4  5  6  7  8  9 10 11],2340,363,59,579.79,2000-10-09,13:49:56
440,115,77,[1 2],3207,183,88,15.89,2000-10-09,13:49:56
441,92,77,[ 1  2  3  4  5  6  7  8  9 10 11],3690,396,229,27.68,2000-10-09,13:49:56
442,13,77,[1 2 3 4 5 6 7],1842,472,52,1015.77,2000-10-09,13:49:56
443,252,78,[1 2 3 4 5],2846,231,98,223.32,2000-10-09,13:49:56
444,246,78,[1 2 3 4 5 6 7],2888,236,200,167.19,2000-10-09,13:49:56
445,10,78,[ 1  2  3  4  5  6  7  8  9 10 11],2017,216,54,19.0,2000-10-09,13:49:56
446,424,78,[1 2],2165,485,196,742.31,2000-10-09,13:49:56
447,297,78,[ 1  2  3  4  5  6  7  8  9 10 11],2730,126,86,36.67,2000-10-09,13:49:56
448,55,78,[1 2 3 4 5 6 7],3797,67,112,169.64,2000-10-09,13:49:56
449,138,79,[1 2 3 4 5],592,167,40,9.34,2000-10-09,13:49:56
450,405,79,[1 2 3 4 5 6 7],1583,59,5,16.48,2000-10-09,13:49:56
451,168,79,[ 1  2  3  4  5  6  7  8  9 10 11],2019,25,173,20.76,2000-10-09,13:49:56
452,365,79,[1 2],3142,328,99,17.48,2000-10-09,13:49:56
453,484,79,[ 1  2  3  4  5  6  7  8  9 10 11],2600,125,230,10.13,2000-10-09,13:49:56
454,231,79,[1 2 3 4 5 6 7],2931,65,212,26.03,2000-10-09,13:49:56
455,482,80,[1 2 3 4 5],1683,150,8,29.58,2000-10-09,13:49:56
456,44,80,[1 2 3 4 5 6 7],2693,2,28,32.54,2000-10-09,13:49:56
457,107,80,[ 1  2  3  4  5  6  7  8  9 10 11],1054,250,199,13.01,2000-10-09,13:49:56
458,15,80,[1 2],1116,36,74,1126.8,2000-10-09,13:49:56
459,302,80,[ 1  2  3  4  5  6  7  8  9 10 11],2581,10,155,15.67,2000-10-09,13:49:56
460,272,80,[1 2 3 4 5 6 7],457,297,21,11.11,2000-10-09,13:49:56
461,263,81,[ 1  2  3  4  5  6  7  8  9 10 11 12],1697,257,16,6.01,2005-06-28,19:44:06
462,447,82,[1 2 3],822,248,203,64.97,2013-10-07,18:58:24
463,267,82,[1 2 3 4 5 6 7],740,465,55,67.49,2013-10-07,18:58:24
464,187,82,[ 1  2  3  4  5  6  7  8  9 10 11 12],2730,481,199,38.07,2013-10-07,18:58:24
465,286,82,[ 1  2  3  4  5  6  7  8  9 10 11 12],3535,283,124,17.32,2013-10-07,18:58:24
466,374,82,[1 2 3 4 5 6],3217,165,120,20.18,2013-10-07,18:58:24
467,249,82,[1 2 3 4 5 6 7 8],30,425,177,69.05,2013-10-07,18:58:24
468,0,82,[1 2 3 4 5 6 7 8 9],3436,242,51,12.75,2013-10-07,18:58:24
469,270,83,[1 2 3],1860,373,78,14.38,2013-10-07,18:58:24
470,348,83,[1 2 3 4 5 6 7],335,125,114,9.48,2013-10-07,18:58:24
471,226,83,[ 1  2  3  4  5  6  7  8  9 10 11 12],3031,415,27,79.17,2013-10-07,18:58:24
472,89,83,[ 1  2  3  4  5  6  7  8  9 10 11 12],3251,441,230,8.52,2013-10-07,18:58:24
473,377,83,[1 2 3 4 5 6],2517,429,159,51.13,2013-10-07,18:58:24
474,152,83,[1 2 3 4 5 6 7 8],2238,125,163,955.47,2013-10-07,18:58:24
475,297,83,[1 2 3 4 5 6 7 8 9],1522,70,59,15.41,2013-10-07,18:58:24
476,210,84,[1 2 3],802,460,228,11.78,2013-10-07,18:58:24
477,193,84,[1 2 3 4 5 6 7],148,206,211,1352.53,2013-10-07,18:58:24
478,57,84,[ 1  2  3  4  5  6  7  8  9 10 11 12],1537,4,225,50.51,2013-10-07,18:58:24
479,278,84,[ 1  2  3  4  5  6  7  8  9 10 11 12],1391,358,63,10.98,2013-10-07,18:58:24
480,158,84,[1 2 3 4 5 6],1093,402,214,68.02,2013-10-07,18:58:24
481,479,84,[1 2 3 4 5 6 7 8],1245,36,79,1906.14,2013-10-07,18:58:24
482,74,84,[1 2 3 4 5 6 7 8 9],619,160,66,14.71,2013-10-07,18:58:24
483,262,85,[1 2 3],1334,436,208,22.98,2013-10-07,18:58:24
484,28,85,[1 2 3 4 5 6 7],1818,1,99,68.72,2013-10-07,18:58:24
485,254,85,[ 1  2  3  4  5  6  7  8  9 10 11 12],3465,179,237,215.03,2013-10-07,18:58:24
486,168,85,[ 1  2  3  4  5  6  7  8  9 10 11 12],1189,488,158,28.32,2013-10-07,18:58:24
487,102,85,[1 2 3 4 5 6],2900,177,169,113.1,2013-10-07,18:58:24
488,151,85,[1 2 3 4 5 6 7 8],3367,435,83,8.22,2013-10-07,18:58:24
489,276,85,[1 2 3 4 5 6 7 8 9],2795,59,133,19.13,2013-10-07,18:58:24
490,268,86,[1 2 3],2909,142,169,194.06,2013-10-07,18:58:24
491,116,86,[1 2 3 4 5 6 7],1646,313,174,10.61,2013-10-07,18:58:24
492,290,86,[ 1  2  3  4  5  6  7  8  9 10 11 12],1138,279,211,31.11,2013-10-07,18:58:24
493,92,86,[ 1  2  3  4  5  6  7  8  9 10 11 12],2610,7,51,323.55,2013-10-07,18:58:24
494,464,86,[1 2 3 4 5 6],641,446,231,37.32,2013-10-07,18:58:24
495,158,86,[1 2 3 4 5 6 7 8],1861,229,214,9.83,2013-10-07,18:58:24
496,373,86,[1 2 3 4 5 6 7 8 9],1090,18,13,39.68,2013-10-07,18:58:24
497,185,87,[1 2 3],2269,136,181,20.03,2013-10-07,18:58:24
498,390,87,[1 2 3 4 5 6 7],2757,298,54,26.87,2013-10-07,18:58:24
499,160,87,[ 1  2  3  4  5  6  7  8  9 10 11 12],2608,22,199,27.82,2013-10-07,18:58:24
500,210,87,[ 1  2  3  4  5  6  7  8  9 10 11 12],410,103,218,20.47,2013-10-07,18:58:24
501,337,87,[1 2 3 4 5 6],2498,75,186,20.77,2013-10-07,18:58:24
502,298,87,[1 2 3 4 5 6 7 8],3472,70,67,4.04,2013-10-07,18:58:24
503,494,87,[1 2 3 4 5 6 7 8 9],76,52,223,14.87,2013-10-07,18:58:24
504,296,88,[1 2 3],3194,43,208,52.03,2013-10-07,18:58:24
505,86,88,[1 2 3 4 5 6 7],1957,445,136,46.67,2013-10-07,18:58:24
506,17,88,[ 1  2  3  4  5  6  7  8  9 10 11 12],547,308,134,20.71,2013-10-07,18:58:24
507,469,88,[ 1  2  3  4  5  6  7  8  9 10 11 12],2863,168,138,19.63,2013-10-07,18:58:24
508,63,88,[1 2 3 4 5 6],272,363,104,27.66,2013-10-07,18:58:24
509,55,88,[1 2 3 4 5 6 7 8],1614,127,198,16.85,2013-10-07,18:58:24
510,30,88,[1 2 3 4 5 6 7 8 9],2750,60,7,13.27,2013-10-07,18:58:24
511,480,89,[ 1  2  3  4  5  6  7  8  9 10 11 12],55,382,80,12.4,2005-05-01,04:24:24
512,62,89,[1 2 3 4 5 6],2879,466,27,11.02,2005-05-01,04:24:24
513,161,89,[ 1  2  3  4  5  6  7  8  9 10 11 12],61,34,175,826.12,2005-05-01,04:24:24
514,131,89,[1],712,236,51,45.67,2005-05-01,04:24:24
515,196,89,[1 2 3 4 5 6 7 8],2143,432,148,1274.18,2005-05-01,04:24:24
516,266,89,[1 2 3 4],2149,6,2,614.41,2005-05-01,04:24:24
517,422,90,[ 1  2  3  4  5  6  7  8  9 10 11 12],2466,292,180,65.49,2005-05-01,04:24:24
518,9,90,[1 2 3 4 5 6],2434,226,40,83.31,2005-05-01,04:24:24
519,408,90,[ 1  2  3  4  5  6  7  8  9 10 11 12],1424,250,53,15.59,2005-05-01,04:24:24
520,80,90,[1],2662,206,142,51.79,2005-05-01,04:24:24
521,320,90,[1 2 3 4 5 6 7 8],1046,18,181,7.31,2005-05-01,04:24:24
522,215,90,[1 2 3 4],1723,444,74,7.58,2005-05-01,04:24:24
523,370,91,[ 1  2  3  4  5  6  7  8  9 10 11 12],3560,337,224,22.07,2005-05-01,04:24:24
524,365,91,[1 2 3 4 5 6],1529,375,22,9.29,2005-05-01,04:24:24
525,364,91,[ 1  2  3  4  5  6  7  8  9 10 11 12],280,268,183,12.38,2005-05-01,04:24:24
526,477,91,[1],1310,99,110,27.67,2005-05-01,04:24:24
527,376,91,[1 2 3 4 5 6 7 8],2790,267,5,21.97,2005-05-01,04:24:24
528,198,91,[1 2 3 4],686,168,71,58.57,2005-05-01,04:24:24
529,163,92,[ 1  2  3  4  5  6  7  8  9 10 11 12],2154,410,34,26.46,2005-05-01,04:24:24
530,179,92,[1 2 3 4 5 6],345,255,99,16.52,2005-05-01,04:24:24
531,432,92,[ 1  2  3  4  5  6  7  8  9 10 11 12],3269,335,125,11.76,2005-05-01,04:24:24
532,360,92,[1],128,269,196,18.63,2005-05-01,04:24:24
533,395,92,[1 2 3 4 5 6 7 8],1781,196,77,14.94,2005-05-01,04:24:24
534,233,92,[1 2 3 4],2032,385,119,21.39,2005-05-01,04:24:24
535,352,93,[ 1  2  3  4  5  6  7  8  9 10 11 12],2012,446,203,18.76,2005-05-01,04:24:24
536,323,93,[1 2 3 4 5 6],2203,222,61,735.96,2005-05-01,04:24:24
537,198,93,[ 1  2  3  4  5  6  7  8  9 10 11 12],2651,131,188,5.68,2005-05-01,04:24:24
538,108,93,[1],1006,461,110,32.59,2005-05-01,04:24:24
539,383,93,[1 2 3 4 5 6 7 8],2152,460,49,878.0,2005-05-01,04:24:24
540,335,93,[1 2 3 4],3256,19,63,15.83,2005-05-01,04:24:24
541,228,94,[ 1  2  3  4  5  6  7  8  9 10 11 12],41,24,45,11.36,2005-05-01,04:24:24
542,261,94,[1 2 3 4 5 6],86,239,25,31.08,2005-05-01,04:24:24
543,207,94,[ 1  2  3  4  5  6  7  8  9 10 11 12],766,161,234,9.25,2005-05-01,04:24:24
544,114,94,[1],2453,257,220,17.86,2005-05-01,04:24:24
545,292,94,[1 2 3 4 5 6 7 8],1067,157,93,97.72,2005-05-01,04:24:24
546,302,94,[1 2 3 4],3354,102,170,44.27,2005-05-01,04:24:24
547,386,95,[1 2 3],3668,169,55,13.86,2011-01-30,23:24:01
548,344,95,[1 2 3 4 5 6 7 8],2807,249,18,40.15,2011-01-30,23:24:01
549,81,96,[1 2 3],288,194,126,49.77,2011-01-30,23:24:01
550,126,96,[1 2 3 4 5 6 7 8],1360,94,209,91.35,2011-01-30,23:24:01
551,43,97,[1 2 3],3183,137,50,315.92,2022-01-24,19:28:11
552,30,97,[1 2 3 4 5],1166,355,70,117.13,2022-01-24,19:28:11
553,319,97,[1 2 3 4 5 6],3265,407,233,9.32,2022-01-24,19:28:11
554,403,97,[1 2 3],676,89,59,35.91,2022-01-24,19:28:11
555,72,97,[1 2 3 4 5 6],1161,16,122,26.47,2022-01-24,19:28:11
556,84,97,[1 2 3 4 5 6],1092,435,189,245.97,2022-01-24,19:28:11
557,348,97,[1 2 3 4 5 6 7],118,384,182,2392.44,2022-01-24,19:28:11
558,115,97,[1 2 3 4 5 6 7 8],3570,221,43,577.56,2022-01-24,19:28:11
559,332,98,[1 2 3],2666,223,248,17.91,2022-01-24,19:28:11
560,25,98,[1 2 3 4 5],563,227,141,67.71,2022-01-24,19:28:11
561,327,98,[1 2 3 4 5 6],1023,399,77,33.96,2022-01-24,19:28:11
562,387,98,[1 2 3],3480,396,199,6.93,2022-01-24,19:28:11
563,267,98,[1 2 3 4 5 6],91,424,207,14.59,2022-01-24,19:28:11
564,29,98,[1 2 3 4 5 6],1637,424,109,92.06,2022-01-24,19:28:11
565,469,98,[1 2 3 4 5 6 7],718,456,126,37.32,2022-01-24,19:28:11
566,440,98,[1 2 3 4 5 6 7 8],2776,293,222,22.96,2022-01-24,19:28:11
567,31,99,[1 2 3],3020,243,4,7.73,2022-01-24,19:28:11
568,267,99,[1 2 3 4 5],74,77,243,13.93,2022-01-24,19:28:11
569,207,99,[1 2 3 4 5 6],1919,48,94,12.59,2022-01-24,19:28:11
570,178,99,[1 2 3],2848,404,243,25.2,2022-01-24,19:28:11
571,483,99,[1 2 3 4 5 6],3754,169,153,32.76,2022-01-24,19:28:11
572,98,99,[1 2 3 4 5 6],797,316,196,17.45,2022-01-24,19:28:11
573,362,99,[1 2 3 4 5 6 7],3637,62,123,434.88,2022-01-24,19:28:11
574,381,99,[1 2 3 4 5 6 7 8],3644,308,200,27.82,2022-01-24,19:28:11
575,192,100,[1 2 3],2178,48,40,560.06,2022-01-24,19:28:11
576,474,100,[1 2 3 4 5],1293,432,2,25.87,2022-01-24,19:28:11
577,425,100,[1 2 3 4 5 6],942,117,58,689.63,2022-01-24,19:28:11
578,181,100,[1 2 3],1255,441,102,37.61,2022-01-24,19:28:11
579,298,100,[1 2 3 4 5 6],1899,295,34,16.41,2022-01-24,19:28:11
580,145,100,[1 2 3 4 5 6],1697,92,180,7.26,2022-01-24,19:28:11
581,92,100,[1 2 3 4 5 6 7],1600,138,185,44.91,2022-01-24,19:28:11
582,378,100,[1 2 3 4 5 6 7 8],2701,36,82,18.45,2022-01-24,19:28:11
583,164,101,[1 2 3],99,180,167,11.92,2022-01-24,19:28:11
584,400,101,[1 2 3 4 5],2733,157,85,18.08,2022-01-24,19:28:11
585,431,101,[1 2 3 4 5 6],2441,417,165,13.9,2022-01-24,19:28:11
586,469,101,[1 2 3],645,226,207,22.2,2022-01-24,19:28:11
587,216,101,[1 2 3 4 5 6],896,481,58,119.2,2022-01-24,19:28:11
588,172,101,[1 2 3 4 5 6],2566,2,233,15.74,2022-01-24,19:28:11
589,90,101,[1 2 3 4 5 6 7],3074,417,196,31.94,2022-01-24,19:28:11
590,344,101,[1 2 3 4 5 6 7 8],507,285,68,136.15,2022-01-24,19:28:11
591,354,102,[1 2 3],2737,401,62,68.68,2022-01-24,19:28:11
592,29,102,[1 2 3 4 5],692,207,156,38.38,2022-01-24,19:28:11
593,269,102,[1 2 3 4 5 6],283,76,102,8.06,2022-01-24,19:28:11
594,38,102,[1 2 3],2921,6,246,16.21,2022-01-24,19:28:11
595,180,102,[1 2 3 4 5 6],307,12,161,171.23,2022-01-24,19:28:11
596,86,102,[1 2 3 4 5 6],2046,146,181,10.68,2022-01-24,19:28:11
597,26,102,[1 2 3 4 5 6 7],2773,470,107,15.96,2022-01-24,19:28:11
598,205,102,[1 2 3 4 5 6 7 8],1590,4,159,16.25,2022-01-24,19:28:11
599,198,103,[1 2 3],3231,115,176,16.22,2022-01-24,19:28:11
600,54,103,[1 2 3 4 5],73,415,158,1511.97,2022-01-24,19:28:11
601,248,103,[1 2 3 4 5 6],635,325,11,83.08,2022-01-24,19:28:11
602,446,103,[1 2 3],2685,367,242,91.66,2022-01-24,19:28:11
603,121,103,[1 2 3 4 5 6],3499,395,25,43.14,2022-01-24,19:28:11
604,487,103,[1 2 3 4 5 6],513,272,217,16.67,2022-01-24,19:28:11
605,294,103,[1 2 3 4 5 6 7],1889,313,74,9.32,2022-01-24,19:28:11
606,497,103,[1 2 3 4 5 6 7 8],1663,223,244,11.58,2022-01-24,19:28:11
607,171,104,[1 2 3],2181,25,205,556.05,2022-01-24,19:28:11
608,246,104,[1 2 3 4 5],3750,482,239,14.96,2022-01-24,19:28:11
609,304,104,[1 2 3 4 5 6],2921,206,232,13.54,2022-01-24,19:28:11
610,223,104,[1 2 3],3525,137,216,25.78,2022-01-24,19:28:11
611,373,104,[1 2 3 4 5 6],569,265,118,21.96,2022-01-24,19:28:11
612,48,104,[1 2 3 4 5 6],369,130,208,22.37,2022-01-24,19:28:11
613,98,104,[1 2 3 4 5 6 7],1904,93,175,11.11,2022-01-24,19:28:11
614,490,104,[1 2 3 4 5 6 7 8],1843,364,247,12.61,2022-01-24,19:28:11
615,344,105,[1 2],954,168,248,65.91,2006-03-03,10:30:12
616,382,105,[1],247,43,243,105.95,2006-03-03,10:30:12
617,396,106,[1 2],2056,309,200,14.46,2006-03-03,10:30:12
618,233,106,[1],1499,89,30,34.12,2006-03-03,10:30:12
619,379,107,[1 2 3],1146,158,43,136.88,2017-08-28,06:52:26
620,447,108,[1 2 3 4],277,359,143,35.92,2014-01-24,04:13:07
621,478,108,[1 2 3 4],3062,94,33,9.55,2014-01-24,04:13:07
622,331,108,[1 2 3 4 5 6 7 8 9],1231,215,65,1088.16,2014-01-24,04:13:07
623,167,108,[1 2 3 4 5 6],2945,235,61,14.51,2014-01-24,04:13:07
624,136,108,[ 1  2  3  4  5  6  7  8  9 10 11],3098,386,75,24.11,2014-01-24,04:13:07
625,1,108,[ 1  2  3  4  5  6  7  8  9 10 11],20,150,238,10.93,2014-01-24,04:13:07
626,268,108,[1 2 3 4],3456,48,130,42.78,2014-01-24,04:13:07
627,254,108,[ 1  2  3  4  5  6  7  8  9 10],1670,166,130,11.01,2014-01-24,04:13:07
628,377,109,[1 2 3 4],2765,51,200,65.36,2014-01-24,04:13:07
629,282,109,[1 2 3 4],3567,116,244,19.5,2014-01-24,04:13:07
630,126,109,[1 2 3 4 5 6 7 8 9],1299,86,246,36.64,2014-01-24,04:13:07
631,226,109,[1 2 3 4 5 6],837,23,165,95.37,2014-01-24,04:13:07
632,455,109,[ 1  2  3  4  5  6  7  8  9 10 11],590,49,193,20.8,2014-01-24,04:13:07
633,478,109,[ 1  2  3  4  5  6  7  8  9 10 11],3205,165,77,348.11,2014-01-24,04:13:07
634,100,109,[1 2 3 4],2496,398,42,17.15,2014-01-24,04:13:07
635,295,109,[ 1  2  3  4  5  6  7  8  9 10],2023,132,16,22.05,2014-01-24,04:13:07
636,196,110,[1 2 3 4],1360,466,240,93.86,2014-01-24,04:13:07
637,8,110,[1 2 3 4],780,261,243,19.0,2014-01-24,04:13:07
638,205,110,[1 2 3 4 5 6 7 8 9],3209,31,112,23.5,2014-01-24,04:13:07
639,139,110,[1 2 3 4 5 6],2088,440,185,13.71,2014-01-24,04:13:07
640,461,110,[ 1  2  3  4  5  6  7  8  9 10 11],3426,197,215,22.09,2014-01-24,04:13:07
641,191,110,[ 1  2  3  4  5  6  7  8  9 10 11],2298,349,193,20.65,2014-01-24,04:13:07
642,290,110,[1 2 3 4],1204,427,231,16.48,2014-01-24,04:13:07
643,309,110,[ 1  2  3  4  5  6  7  8  9 10],688,148,2,9.57,2014-01-24,04:13:07
644,155,111,[1 2 3 4],2374,369,10,199.87,2014-01-24,04:13:07
645,157,111,[1 2 3 4],3535,283,227,17.32,2014-01-24,04:13:07
646,26,111,[1 2 3 4 5 6 7 8 9],1414,63,97,64.66,2014-01-24,04:13:07
647,110,111,[1 2 3 4 5 6],164,251,211,14.14,2014-01-24,04:13:07
648,283,111,[ 1  2  3  4  5  6  7  8  9 10 11],632,54,5,74.31,2014-01-24,04:13:07
649,5,111,[ 1  2  3  4  5  6  7  8  9 10 11],2619,179,197,220.88,2014-01-24,04:13:07
650,300,111,[1 2 3 4],1621,85,191,15.73,2014-01-24,04:13:07
651,138,111,[ 1  2  3  4  5  6  7  8  9 10],148,289,218,1338.47,2014-01-24,04:13:07
652,14,112,[1 2 3 4],403,53,55,13.3,2014-01-24,04:13:07
653,152,112,[1 2 3 4],1162,279,92,497.22,2014-01-24,04:13:07
654,38,112,[1 2 3 4 5 6 7 8 9],3193,269,105,45.55,2014-01-24,04:13:07
655,291,112,[1 2 3 4 5 6],1037,110,178,78.56,2014-01-24,04:13:07
656,15,112,[ 1  2  3  4  5  6  7  8  9 10 11],3580,392,130,60.53,2014-01-24,04:13:07
657,490,112,[ 1  2  3  4  5  6  7  8  9 10 11],3283,99,215,454.62,2014-01-24,04:13:07
658,171,112,[1 2 3 4],1296,200,99,8.42,2014-01-24,04:13:07
659,431,112,[ 1  2  3  4  5  6  7  8  9 10],1277,199,126,11.45,2014-01-24,04:13:07
660,266,113,[1 2 3 4],3489,248,79,25.32,2014-01-24,04:13:07
661,166,113,[1 2 3 4],974,376,45,10.04,2014-01-24,04:13:07
662,394,113,[1 2 3 4 5 6 7 8 9],3173,77,19,13.76,2014-01-24,04:13:07
663,214,113,[1 2 3 4 5 6],1433,288,209,17.41,2014-01-24,04:13:07
664,17,113,[ 1  2  3  4  5  6  7  8  9 10 11],2738,275,240,19.16,2014-01-24,04:13:07
665,335,113,[ 1  2  3  4  5  6  7  8  9 10 11],2016,212,63,60.52,2014-01-24,04:13:07
666,393,113,[1 2 3 4],2510,403,187,123.6,2014-01-24,04:13:07
667,13,113,[ 1  2  3  4  5  6  7  8  9 10],2763,215,68,9.39,2014-01-24,04:13:07
668,370,114,[1 2 3 4],3736,446,88,43.9,2014-01-24,04:13:07
669,104,114,[1 2 3 4],3572,213,153,52.27,2014-01-24,04:13:07
670,213,114,[1 2 3 4 5 6 7 8 9],1242,37,179,42.33,2014-01-24,04:13:07
671,115,114,[1 2 3 4 5 6],1423,462,47,20.7,2014-01-24,04:13:07
672,65,114,[ 1  2  3  4  5  6  7  8  9 10 11],864,41,241,94.09,2014-01-24,04:13:07
673,325,114,[ 1  2  3  4  5  6  7  8  9 10 11],1313,29,44,36.5,2014-01-24,04:13:07
674,71,114,[1 2 3 4],3527,417,47,14.53,2014-01-24,04:13:07
675,155,114,[ 1  2  3  4  5  6  7  8  9 10],1722,221,25,33.39,2014-01-24,04:13:07
676,96,115,[1 2 3 4],2419,464,231,568.33,2014-01-24,04:13:07
677,460,115,[1 2 3 4],1911,187,67,29.48,2014-01-24,04:13:07
678,464,115,[1 2 3 4 5 6 7 8 9],2539,251,50,37.15,2014-01-24,04:13:07
679,317,115,[1 2 3 4 5 6],1802,283,208,5.08,2014-01-24,04:13:07
680,330,115,[ 1  2  3  4  5  6  7  8  9 10 11],3116,447,89,20.77,2014-01-24,04:13:07
681,320,115,[ 1  2  3  4  5  6  7  8  9 10 11],2628,453,222,36.49,2014-01-24,04:13:07
682,22,115,[1 2 3 4],696,106,134,12.43,2014-01-24,04:13:07
683,232,115,[ 1  2  3  4  5  6  7  8  9 10],78,216,47,10.01,2014-01-24,04:13:07
684,50,116,[1],3046,13,163,161.73,2006-03-22,10:10:29
685,310,117,[ 1  2  3  4  5  6  7  8  9 10],3443,369,137,11.33,2011-02-03,03:20:55
686,188,117,[1],1952,124,3,10.25,2011-02-03,03:20:55
687,435,118,[ 1  2  3  4  5  6  7  8  9 10],2165,365,188,720.59,2011-02-03,03:20:55
688,137,118,[1],1607,148,225,37.88,2011-02-03,03:20:55
689,324,119,[1 2 3 4 5 6],3029,483,93,8.19,2000-01-25,20:37:42
690,176,119,[ 1  2  3  4  5  6  7  8  9 10 11 12],896,46,84,138.8,2000-01-25,20:37:42
691,376,119,[1 2 3 4 5 6 7],2112,35,4,633.38,2000-01-25,20:37:42
692,194,119,[1 2 3 4 5 6 7 8 9],3221,95,137,7.77,2000-01-25,20:37:42
693,261,119,[1 2 3],2237,226,30,497.89,2000-01-25,20:37:42
694,110,120,[1 2 3 4 5 6],3081,87,153,456.05,2000-01-25,20:37:42
695,6,120,[ 1  2  3  4  5  6  7  8  9 10 11 12],3661,314,28,8.24,2000-01-25,20:37:42
696,180,120,[1 2 3 4 5 6 7],1520,445,116,9.26,2000-01-25,20:37:42
697,267,120,[1 2 3 4 5 6 7 8 9],2775,62,29,18.41,2000-01-25,20:37:42
698,228,120,[1 2 3],3301,219,12,17.65,2000-01-25,20:37:42
699,409,121,[1 2 3 4 5 6],3734,98,45,23.28,2000-01-25,20:37:42
700,431,121,[ 1  2  3  4  5  6  7  8  9 10 11 12],162,219,250,260.3,2000-01-25,20:37:42
701,32,121,[1 2 3 4 5 6 7],2988,480,65,1025.33,2000-01-25,20:37:42
702,31,121,[1 2 3 4 5 6 7 8 9],2341,44,150,557.6,2000-01-25,20:37:42
703,486,121,[1 2 3],3008,395,182,103.75,2000-01-25,20:37:42
704,199,122,[1 2 3 4 5 6],411,263,111,18.77,2000-01-25,20:37:42
705,392,122,[ 1  2  3  4  5  6  7  8  9 10 11 12],2486,433,210,14.25,2000-01-25,20:37:42
706,424,122,[1 2 3 4 5 6 7],137,241,122,1363.27,2000-01-25,20:37:42
707,420,122,[1 2 3 4 5 6 7 8 9],1019,394,53,13.58,2000-01-25,20:37:42
708,371,122,[1 2 3],1647,89,68,15.6,2000-01-25,20:37:42
709,472,123,[1 2 3 4 5 6],2759,369,25,75.41,2000-01-25,20:37:42
710,440,123,[ 1  2  3  4  5  6  7  8  9 10 11 12],1977,317,120,21.17,2000-01-25,20:37:42
711,472,123,[1 2 3 4 5 6 7],1354,484,47,125.2,2000-01-25,20:37:42
712,373,123,[1 2 3 4 5 6 7 8 9],27,23,229,14.62,2000-01-25,20:37:42
713,97,123,[1 2 3],546,336,151,16.85,2000-01-25,20:37:42
714,165,124,[1 2 3],911,447,244,1830.95,2016-03-31,17:20:47
715,337,124,[ 1  2  3  4  5  6  7  8  9 10],2157,362,66,200.56,2016-03-31,17:20:47
716,161,124,[ 1  2  3  4  5  6  7  8  9 10 11 12],3096,151,248,16.87,2016-03-31,17:20:47
717,347,124,[1 2 3 4 5],2861,127,204,21.72,2016-03-31,17:20:47
718,412,125,[1 2 3],127,65,35,15.96,2016-03-31,17:20:47
719,257,125,[ 1  2  3  4  5  6  7  8  9 10],387,445,108,24.94,2016-03-31,17:20:47
720,429,125,[ 1  2  3  4  5  6  7  8  9 10 11 12],1723,134,219,8.6,2016-03-31,17:20:47
721,425,125,[1 2 3 4 5],1968,135,89,11.79,2016-03-31,17:20:47
722,419,126,[1 2 3],3281,170,9,12.8,2016-03-31,17:20:47
723,74,126,[ 1  2  3  4  5  6  7  8  9 10],2958,327,175,141.8,2016-03-31,17:20:47
724,9,126,[ 1  2  3  4  5  6  7  8  9 10 11 12],3104,137,154,6.43,2016-03-31,17:20:47
725,70,126,[1 2 3 4 5],2264,151,226,1135.76,2016-03-31,17:20:47
726,299,127,[1 2 3],2989,462,77,44.37,2016-03-31,17:20:47
727,121,127,[ 1  2  3  4  5  6  7  8  9 10],2849,157,39,15.04,2016-03-31,17:20:47
728,365,127,[ 1  2  3  4  5  6  7  8  9 10 11 12],646,131,240,104.41,2016-03-31,17:20:47
729,14,127,[1 2 3 4 5],616,465,218,103.52,2016-03-31,17:20:47
730,18,128,[1],34,43,209,15.76,2007-04-09,03:10:59
731,438,128,[ 1  2  3  4  5  6  7  8  9 10],1076,220,40,28.81,2007-04-09,03:10:59
732,159,128,[1 2 3],2463,476,41,22.55,2007-04-09,03:10:59
733,162,128,[1 2 3 4 5 6 7 8 9],112,24,102,8.86,2007-04-09,03:10:59
734,490,128,[1 2 3 4 5 6],1834,0,187,11.91,2007-04-09,03:10:59
735,86,128,[ 1  2  3  4  5  6  7  8  9 10 11],3271,34,10,5.67,2007-04-09,03:10:59
736,335,128,[ 1  2  3  4  5  6  7  8  9 10 11 12],2071,458,30,11.4,2007-04-09,03:10:59
737,222,128,[1 2 3],985,238,144,22.46,2007-04-09,03:10:59
738,387,129,[1],2008,460,237,36.93,2007-04-09,03:10:59
739,55,129,[ 1  2  3  4  5  6  7  8  9 10],2590,3,93,44.8,2007-04-09,03:10:59
740,482,129,[1 2 3],1703,491,168,29.62,2007-04-09,03:10:59
741,164,129,[1 2 3 4 5 6 7 8 9],2806,391,138,90.36,2007-04-09,03:10:59
742,386,129,[1 2 3 4 5 6],1949,209,55,17.46,2007-04-09,03:10:59
743,284,129,[ 1  2  3  4  5  6  7  8  9 10 11],1902,78,64,9.65,2007-04-09,03:10:59
744,140,129,[ 1  2  3  4  5  6  7  8  9 10 11 12],2347,444,49,331.4,2007-04-09,03:10:59
745,408,129,[1 2 3],1284,72,228,965.12,2007-04-09,03:10:59
746,89,130,[1],2287,178,81,858.5,2007-04-09,03:10:59
747,138,130,[ 1  2  3  4  5  6  7  8  9 10],1981,47,26,16.16,2007-04-09,03:10:59
748,210,130,[1 2 3],1354,192,161,139.92,2007-04-09,03:10:59
749,373,130,[1 2 3 4 5 6 7 8 9],3003,27,241,26.82,2007-04-09,03:10:59
750,257,130,[1 2 3 4 5 6],3105,421,229,43.39,2007-04-09,03:10:59
751,3,130,[ 1  2  3  4  5  6  7  8  9 10 11],34,217,133,15.0,2007-04-09,03:10:59
752,194,130,[ 1  2  3  4  5  6  7  8  9 10 11 12],2172,51,17,103.06,2007-04-09,03:10:59
753,5,130,[1 2 3],2944,281,143,11.84,2007-04-09,03:10:59
754,301,131,[1],1478,248,61,7.92,2007-04-09,03:10:59
755,499,131,[ 1  2  3  4  5  6  7  8  9 10],0,0,240,66.64,2007-04-09,03:10:59
756,107,131,[1 2 3],1385,315,51,13.74,2007-04-09,03:10:59
757,60,131,[1 2 3 4 5 6 7 8 9],2488,221,89,83.59,2007-04-09,03:10:59
758,267,131,[1 2 3 4 5 6],3434,112,37,43.07,2007-04-09,03:10:59
759,74,131,[ 1  2  3  4  5  6  7  8  9 10 11],3417,105,181,28.82,2007-04-09,03:10:59
760,362,131,[ 1  2  3  4  5  6  7  8  9 10 11 12],1476,223,90,10.81,2007-04-09,03:10:59
761,423,131,[1 2 3],2805,204,143,92.4,2007-04-09,03:10:59
762,198,132,[1],1978,356,101,7.33,2007-04-09,03:10:59
763,462,132,[ 1  2  3  4  5  6  7  8  9 10],637,353,42,34.77,2007-04-09,03:10:59
764,424,132,[1 2 3],531,313,60,10.28,2007-04-09,03:10:59
765,208,132,[1 2 3 4 5 6 7 8 9],3255,182,38,95.65,2007-04-09,03:10:59
766,279,132,[1 2 3 4 5 6],1723,360,27,7.14,2007-04-09,03:10:59
767,440,132,[ 1  2  3  4  5  6  7  8  9 10 11],3598,104,47,14.57,2007-04-09,03:10:59
768,160,132,[ 1  2  3  4  5  6  7  8  9 10 11 12],2874,433,219,495.84,2007-04-09,03:10:59
769,402,132,[1 2 3],743,82,66,18.02,2007-04-09,03:10:59
770,219,133,[1],2995,80,54,35.54,2007-04-09,03:10:59
771,192,133,[ 1  2  3  4  5  6  7  8  9 10],194,273,127,63.71,2007-04-09,03:10:59
772,465,133,[1 2 3],2207,437,99,22.45,2007-04-09,03:10:59
773,357,133,[1 2 3 4 5 6 7 8 9],1036,412,69,26.8,2007-04-09,03:10:59
774,439,133,[1 2 3 4 5 6],3558,485,7,15.28,2007-04-09,03:10:59
775,231,133,[ 1  2  3  4  5  6  7  8  9 10 11],2471,76,238,18.57,2007-04-09,03:10:59
776,251,133,[ 1  2  3  4  5  6  7  8  9 10 11 12],1738,434,24,8.44,2007-04-09,03:10:59
777,405,133,[1 2 3],3137,400,171,25.41,2007-04-09,03:10:59
778,126,134,[1],19,175,146,15.18,2007-04-09,03:10:59
779,92,134,[ 1  2  3  4  5  6  7  8  9 10],1118,147,95,978.33,2007-04-09,03:10:59
780,486,134,[1 2 3],3374,176,202,42.07,2007-04-09,03:10:59
781,172,134,[1 2 3 4 5 6 7 8 9],250,216,82,25.6,2007-04-09,03:10:59
782,246,134,[1 2 3 4 5 6],2253,267,211,784.21,2007-04-09,03:10:59
783,485,134,[ 1  2  3  4  5  6  7  8  9 10 11],172,361,12,527.81,2007-04-09,03:10:59
784,68,134,[ 1  2  3  4  5  6  7  8  9 10 11 12],3656,412,180,84.45,2007-04-09,03:10:59
785,37,134,[1 2 3],1908,487,9,9.24,2007-04-09,03:10:59
786,243,135,[1],1141,302,69,13.52,2007-04-09,03:10:59
787,146,135,[ 1  2  3  4  5  6  7  8  9 10],1016,440,106,21.52,2007-04-09,03:10:59
788,207,135,[1 2 3],2873,464,81,20.84,2007-04-09,03:10:59
789,13,135,[1 2 3 4 5 6 7 8 9],2094,138,30,44.06,2007-04-09,03:10:59
790,69,135,[1 2 3 4 5 6],754,232,19,200.59,2007-04-09,03:10:59
791,431,135,[ 1  2  3  4  5  6  7  8  9 10 11],1754,58,239,20.19,2007-04-09,03:10:59
792,324,135,[ 1  2  3  4  5  6  7  8  9 10 11 12],2559,223,11,18.38,2007-04-09,03:10:59
793,353,135,[1 2 3],2367,203,81,1098.39,2007-04-09,03:10:59
794,199,136,[ 1  2  3  4  5  6  7  8  9 10 11],2510,359,60,118.4,2011-03-26,07:16:56
795,178,136,[1 2 3 4],92,342,184,11.27,2011-03-26,07:16:56
796,0,136,[1 2 3 4 5 6 7 8],2807,288,49,48.06,2011-03-26,07:16:56
797,180,136,[1],2648,375,225,17.96,2011-03-26,07:16:56
798,266,136,[1 2 3],3158,311,17,34.12,2011-03-26,07:16:56
799,256,137,[ 1  2  3  4  5  6  7  8  9 10 11],3769,379,51,369.69,2011-03-26,07:16:56
800,273,137,[1 2 3 4],2698,63,32,17.32,2011-03-26,07:16:56
801,29,137,[1 2 3 4 5 6 7 8],3080,83,94,13.79,2011-03-26,07:16:56
802,409,137,[1],650,373,125,37.78,2011-03-26,07:16:56
803,484,137,[1 2 3],2862,494,95,9.47,2011-03-26,07:16:56
804,308,138,[ 1  2  3  4  5  6  7  8  9 10 11],343,271,68,20.95,2011-03-26,07:16:56
805,272,138,[1 2 3 4],2819,392,186,363.42,2011-03-26,07:16:56
806,85,138,[1 2 3 4 5 6 7 8],1581,244,227,31.11,2011-03-26,07:16:56
807,291,138,[1],3608,322,97,165.52,2011-03-26,07:16:56
808,134,138,[1 2 3],2273,126,150,230.66,2011-03-26,07:16:56
809,299,139,[ 1  2  3  4  5  6  7  8  9 10 11],3387,66,219,10.73,2011-03-26,07:16:56
810,19,139,[1 2 3 4],98,74,72,12.43,2011-03-26,07:16:56
811,164,139,[1 2 3 4 5 6 7 8],312,125,214,173.05,2011-03-26,07:16:56
812,110,139,[1],1247,151,30,19.08,2011-03-26,07:16:56
813,391,139,[1 2 3],550,220,30,27.01,2011-03-26,07:16:56
814,106,140,[ 1  2  3  4  5  6  7  8  9 10 11],2789,410,31,43.21,2011-03-26,07:16:56
815,229,140,[1 2 3 4],879,46,94,61.34,2011-03-26,07:16:56
816,117,140,[1 2 3 4 5 6 7 8],1011,406,211,1590.69,2011-03-26,07:16:56
817,237,140,[1],1930,48,235,9.11,2011-03-26,07:16:56
818,121,140,[1 2 3],2562,185,210,22.86,2011-03-26,07:16:56
819,241,141,[1 2 3 4 5 6 7],1610,288,226,15.83,2021-11-17,04:13:41
820,460,141,[ 1  2  3  4  5  6  7  8  9 10 11],3408,26,85,164.26,2021-11-17,04:13:41
821,135,141,[1 2 3 4 5],3558,225,232,14.49,2021-11-17,04:13:41
822,462,141,[ 1  2  3  4  5  6  7  8  9 10 11 12],494,262,136,14.85,2021-11-17,04:13:41
823,474,142,[1 2 3 4 5 6 7],1011,93,97,1371.65,2021-11-17,04:13:41
824,193,142,[ 1  2  3  4  5  6  7  8  9 10 11],1,270,50,355.45,2021-11-17,04:13:41
825,306,142,[1 2 3 4 5],1948,178,7,18.96,2021-11-17,04:13:41
826,314,142,[ 1  2  3  4  5  6  7  8  9 10 11 12],513,272,119,16.67,2021-11-17,04:13:41
827,8,143,[1 2 3 4 5 6 7],2090,102,138,24.0,2021-11-17,04:13:41
828,261,143,[ 1  2  3  4  5  6  7  8  9 10 11],3199,382,22,23.21,2021-11-17,04:13:41
829,433,143,[1 2 3 4 5],1122,136,56,2083.05,2021-11-17,04:13:41
830,211,143,[ 1  2  3  4  5  6  7  8  9 10 11 12],3277,0,166,308.63,2021-11-17,04:13:41
831,82,144,[1 2 3 4 5 6 7],3397,461,99,151.99,2021-11-17,04:13:41
832,447,144,[ 1  2  3  4  5  6  7  8  9 10 11],1578,335,212,10.14,2021-11-17,04:13:41
833,235,144,[1 2 3 4 5],497,308,50,14.28,2021-11-17,04:13:41
834,89,144,[ 1  2  3  4  5  6  7  8  9 10 11 12],939,153,134,65.56,2021-11-17,04:13:41
835,476,145,[ 1  2  3  4  5  6  7  8  9 10 11],468,475,207,63.51,2013-11-22,12:15:33
836,131,145,[1 2],2726,139,156,7.6,2013-11-22,12:15:33
837,33,145,[1 2 3 4 5 6 7],3467,24,127,22.34,2013-11-22,12:15:33
838,240,145,[1 2],3625,227,233,351.51,2013-11-22,12:15:33
839,459,145,[ 1  2  3  4  5  6  7  8  9 10 11 12],1005,321,39,10.71,2013-11-22,12:15:33
840,3,145,[ 1  2  3  4  5  6  7  8  9 10 11 12],324,161,21,8.42,2013-11-22,12:15:33
841,189,145,[1 2 3 4 5 6],181,382,134,16.15,2013-11-22,12:15:33
842,111,145,[ 1  2  3  4  5  6  7  8  9 10],3547,139,199,149.29,2013-11-22,12:15:33
843,251,146,[ 1  2  3  4  5  6  7  8  9 10 11],351,497,162,32.86,2013-11-22,12:15:33
844,162,146,[1 2],484,437,158,16.11,2013-11-22,12:15:33
845,195,146,[1 2 3 4 5 6 7],1525,393,201,15.41,2013-11-22,12:15:33
846,97,146,[1 2],3552,327,147,9.82,2013-11-22,12:15:33
847,459,146,[ 1  2  3  4  5  6  7  8  9 10 11 12],1041,52,48,19.72,2013-11-22,12:15:33
848,178,146,[ 1  2  3  4  5  6  7  8  9 10 11 12],3376,87,65,22.2,2013-11-22,12:15:33
849,252,146,[1 2 3 4 5 6],186,171,17,11.19,2013-11-22,12:15:33
850,114,146,[ 1  2  3  4  5  6  7  8  9 10],66,32,227,24.26,2013-11-22,12:15:33
851,446,147,[ 1  2  3  4  5  6  7  8  9 10 11],3727,456,188,346.9,2013-11-22,12:15:33
852,495,147,[1 2],582,230,139,53.03,2013-11-22,12:15:33
853,30,147,[1 2 3 4 5 6 7],2175,78,196,241.6,2013-11-22,12:15:33
854,423,147,[1 2],3764,477,92,11.82,2013-11-22,12:15:33
855,211,147,[ 1  2  3  4  5  6  7  8  9 10 11 12],608,194,165,9.76,2013-11-22,12:15:33
856,158,147,[ 1  2  3  4  5  6  7  8  9 10 11 12],2071,458,7,11.4,2013-11-22,12:15:33
857,128,147,[1 2 3 4 5 6],2052,495,185,12.65,2013-11-22,12:15:33
858,242,147,[ 1  2  3  4  5  6  7  8  9 10],3326,258,38,32.9,2013-11-22,12:15:33
859,361,148,[ 1  2  3  4  5  6  7  8  9 10 11],742,467,167,11.43,2013-11-22,12:15:33
860,11,148,[1 2],3787,32,74,170.93,2013-11-22,12:15:33
861,43,148,[1 2 3 4 5 6 7],879,46,30,61.34,2013-11-22,12:15:33
862,32,148,[1 2],1291,201,172,34.79,2013-11-22,12:15:33
863,258,148,[ 1  2  3  4  5  6  7  8  9 10 11 12],889,80,89,274.41,2013-11-22,12:15:33
864,349,148,[ 1  2  3  4  5  6  7  8  9 10 11 12],1967,118,148,10.16,2013-11-22,12:15:33
865,318,148,[1 2 3 4 5 6],2887,293,185,20.07,2013-11-22,12:15:33
866,455,148,[ 1  2  3  4  5  6  7  8  9 10],2542,490,34,235.99,2013-11-22,12:15:33
867,444,149,[ 1  2  3  4  5  6  7  8  9 10 11],278,348,124,19.11,2013-11-22,12:15:33
868,61,149,[1 2],1582,494,141,8.35,2013-11-22,12:15:33
869,132,149,[1 2 3 4 5 6 7],343,56,117,17.96,2013-11-22,12:15:33
870,331,149,[1 2],239,269,160,23.2,2013-11-22,12:15:33
871,214,149,[ 1  2  3  4  5  6  7  8  9 10 11 12],1647,95,44,15.91,2013-11-22,12:15:33
872,251,149,[ 1  2  3  4  5  6  7  8  9 10 11 12],880,57,228,1185.47,2013-11-22,12:15:33
873,332,149,[1 2 3 4 5 6],2098,494,72,21.22,2013-11-22,12:15:33
874,262,149,[ 1  2  3  4  5  6  7  8  9 10],2184,335,206,157.08,2013-11-22,12:15:33
875,491,150,[ 1  2  3  4  5  6  7  8  9 10 11],1488,419,5,10.97,2013-11-22,12:15:33
876,4,150,[1 2],3330,11,67,167.0,2013-11-22,12:15:33
877,289,150,[1 2 3 4 5 6 7],2340,206,225,532.46,2013-11-22,12:15:33
878,57,150,[1 2],2131,229,203,416.43,2013-11-22,12:15:33
879,434,150,[ 1  2  3  4  5  6  7  8  9 10 11 12],3550,44,69,33.49,2013-11-22,12:15:33
880,155,150,[ 1  2  3  4  5  6  7  8  9 10 11 12],1872,78,19,13.6,2013-11-22,12:15:33
881,252,150,[1 2 3 4 5 6],3224,313,212,46.01,2013-11-22,12:15:33
882,211,150,[ 1  2  3  4  5  6  7  8  9 10],3356,476,132,42.05,2013-11-22,12:15:33
883,255,151,[ 1  2  3  4  5  6  7  8  9 10 11],653,383,38,1054.93,2013-11-22,12:15:33
884,17,151,[1 2],2594,499,216,124.4,2013-11-22,12:15:33
885,343,151,[1 2 3 4 5 6 7],2307,394,99,806.82,2013-11-22,12:15:33
886,195,151,[1 2],2801,157,132,31.12,2013-11-22,12:15:33
887,196,151,[ 1  2  3  4  5  6  7  8  9 10 11 12],1279,396,19,36.76,2013-11-22,12:15:33
888,183,151,[ 1  2  3  4  5  6  7  8  9 10 11 12],3782,269,149,9.86,2013-11-22,12:15:33
889,340,151,[1 2 3 4 5 6],3411,100,159,61.52,2013-11-22,12:15:33
890,18,151,[ 1  2  3  4  5  6  7  8  9 10],1320,371,126,30.58,2013-11-22,12:15:33
891,132,152,[ 1  2  3  4  5  6  7  8  9 10 11],214,435,218,7.31,2013-11-22,12:15:33
892,490,152,[1 2],1679,324,108,18.31,2013-11-22,12:15:33
893,355,152,[1 2 3 4 5 6 7],427,320,34,9.63,2013-11-22,12:15:33
894,118,152,[1 2],469,488,196,2317.83,2013-11-22,12:15:33
895,216,152,[ 1  2  3  4  5  6  7  8  9 10 11 12],3775,286,51,45.49,2013-11-22,12:15:33
896,368,152,[ 1  2  3  4  5  6  7  8  9 10 11 12],2475,84,44,18.21,2013-11-22,12:15:33
897,456,152,[1 2 3 4 5 6],3781,13,111,15.04,2013-11-22,12:15:33
898,218,152,[ 1  2  3  4  5  6  7  8  9 10],3589,286,175,163.22,2013-11-22,12:15:33
899,344,153,[1 2 3 4 5 6 7 8 9],1769,273,28,11.88,2010-05-24,16:58:18
900,292,153,[1 2 3 4 5 6 7 8],441,127,151,109.21,2010-05-24,16:58:18
901,25,154,[1 2 3 4 5 6 7 8 9],522,231,1,101.06,2010-05-24,16:58:18
902,272,154,[1 2 3 4 5 6 7 8],2437,450,90,72.03,2010-05-24,16:58:18
903,438,155,[1],3228,273,204,29.33,2009-11-01,19:41:31
904,54,155,[1 2 3],3391,181,28,28.04,2009-11-01,19:41:31
905,426,156,[1],3227,489,51,6.29,2009-11-01,19:41:31
906,463,156,[1 2 3],2338,54,121,950.36,2009-11-01,19:41:31
907,219,157,[1 2 3],55,153,171,16.37,2006-11-09,02:50:05
908,300,157,[ 1  2  3  4  5  6  7  8  9 10],2658,250,80,33.43,2006-11-09,02:50:05
909,417,157,[1 2 3 4 5 6 7 8 9],3682,72,95,70.99,2006-11-09,02:50:05
910,268,157,[1 2 3],1815,386,156,12.5,2006-11-09,02:50:05
911,215,157,[1 2 3],1357,2,239,35.89,2006-11-09,02:50:05
912,463,157,[ 1  2  3  4  5  6  7  8  9 10 11 12],1032,291,225,165.52,2006-11-09,02:50:05
913,152,157,[ 1  2  3  4  5  6  7  8  9 10 11 12],3355,204,112,21.29,2006-11-09,02:50:05
914,254,157,[1 2 3 4 5 6],3146,359,19,36.9,2006-11-09,02:50:05
915,267,158,[1 2 3],2194,8,199,850.64,2006-11-09,02:50:05
916,89,158,[ 1  2  3  4  5  6  7  8  9 10],3537,317,181,47.5,2006-11-09,02:50:05
917,341,158,[1 2 3 4 5 6 7 8 9],576,301,209,8.89,2006-11-09,02:50:05
918,363,158,[1 2 3],451,323,237,9.7,2006-11-09,02:50:05
919,387,158,[1 2 3],1481,123,18,6.71,2006-11-09,02:50:05
920,51,158,[ 1  2  3  4  5  6  7  8  9 10 11 12],3229,211,246,9.94,2006-11-09,02:50:05
921,339,158,[ 1  2  3  4  5  6  7  8  9 10 11 12],2289,326,76,594.4,2006-11-09,02:50:05
922,87,158,[1 2 3 4 5 6],1954,90,160,18.27,2006-11-09,02:50:05
923,441,159,[1 2 3],1378,238,11,6.8,2006-11-09,02:50:05
924,188,159,[ 1  2  3  4  5  6  7  8  9 10],3559,46,164,19.83,2006-11-09,02:50:05
925,498,159,[1 2 3 4 5 6 7 8 9],28,435,145,10.57,2006-11-09,02:50:05
926,54,159,[1 2 3],26,451,45,30.39,2006-11-09,02:50:05
927,98,159,[1 2 3],2808,84,45,21.45,2006-11-09,02:50:05
928,436,159,[ 1  2  3  4  5  6  7  8  9 10 11 12],2279,414,32,425.2,2006-11-09,02:50:05
929,375,159,[ 1  2  3  4  5  6  7  8  9 10 11 12],3589,286,27,163.22,2006-11-09,02:50:05
930,413,159,[1 2 3 4 5 6],3116,447,189,20.77,2006-11-09,02:50:05
931,181,160,[1 2 3],2845,496,198,14.19,2006-11-09,02:50:05
932,236,160,[ 1  2  3  4  5  6  7  8  9 10],3534,343,167,17.05,2006-11-09,02:50:05
933,380,160,[1 2 3 4 5 6 7 8 9],2873,160,5,18.03,2006-11-09,02:50:05
934,46,160,[1 2 3],1068,291,81,43.56,2006-11-09,02:50:05
935,158,160,[1 2 3],1762,328,118,24.03,2006-11-09,02:50:05
936,403,160,[ 1  2  3  4  5  6  7  8  9 10 11 12],982,150,67,9.73,2006-11-09,02:50:05
937,485,160,[ 1  2  3  4  5  6  7  8  9 10 11 12],383,480,190,12.02,2006-11-09,02:50:05
938,328,160,[1 2 3 4 5 6],2812,238,120,12.08,2006-11-09,02:50:05
939,116,161,[1 2 3],1766,210,184,12.7,2006-11-09,02:50:05
940,299,161,[ 1  2  3  4  5  6  7  8  9 10],1856,36,53,17.92,2006-11-09,02:50:05
941,261,161,[1 2 3 4 5 6 7 8 9],3464,351,247,15.38,2006-11-09,02:50:05
942,324,161,[1 2 3],457,278,5,8.21,2006-11-09,02:50:05
943,265,161,[1 2 3],382,498,25,58.12,2006-11-09,02:50:05
944,86,161,[ 1  2  3  4  5  6  7  8  9 10 11 12],1435,201,164,101.7,2006-11-09,02:50:05
945,27,161,[ 1  2  3  4  5  6  7  8  9 10 11 12],176,456,97,16.02,2006-11-09,02:50:05
946,218,161,[1 2 3 4 5 6],2002,135,28,16.7,2006-11-09,02:50:05
947,244,162,[1 2 3],3450,367,204,362.59,2006-11-09,02:50:05
948,400,162,[ 1  2  3  4  5  6  7  8  9 10],1162,66,65,478.79,2006-11-09,02:50:05
949,451,162,[1 2 3 4 5 6 7 8 9],565,182,86,38.85,2006-11-09,02:50:05
950,11,162,[1 2 3],3052,261,39,25.81,2006-11-09,02:50:05
951,399,162,[1 2 3],1894,88,82,159.75,2006-11-09,02:50:05
952,60,162,[ 1  2  3  4  5  6  7  8  9 10 11 12],2720,493,128,21.24,2006-11-09,02:50:05
953,84,162,[ 1  2  3  4  5  6  7  8  9 10 11 12],2687,136,160,80.22,2006-11-09,02:50:05
954,444,162,[1 2 3 4 5 6],1472,356,192,8.87,2006-11-09,02:50:05
955,193,163,[1 2 3],2435,52,135,41.9,2006-11-09,02:50:05
956,213,163,[ 1  2  3  4  5  6  7  8  9 10],817,342,110,27.29,2006-11-09,02:50:05
957,334,163,[1 2 3 4 5 6 7 8 9],3700,247,107,15.43,2006-11-09,02:50:05
958,462,163,[1 2 3],1308,473,244,24.51,2006-11-09,02:50:05
959,395,163,[1 2 3],1006,239,74,32.53,2006-11-09,02:50:05
960,390,163,[ 1  2  3  4  5  6  7  8  9 10 11 12],1942,34,123,110.44,2006-11-09,02:50:05
961,478,163,[ 1  2  3  4  5  6  7  8  9 10 11 12],3157,335,131,27.01,2006-11-09,02:50:05
962,138,163,[1 2 3 4 5 6],903,368,203,2326.88,2006-11-09,02:50:05
963,80,164,[1 2 3],897,60,71,35.11,2006-11-09,02:50:05
964,274,164,[ 1  2  3  4  5  6  7  8  9 10],3260,447,59,348.77,2006-11-09,02:50:05
965,21,164,[1 2 3 4 5 6 7 8 9],3742,273,178,30.25,2006-11-09,02:50:05
966,8,164,[1 2 3],1197,11,3,12.91,2006-11-09,02:50:05
967,212,164,[1 2 3],2419,404,19,636.85,2006-11-09,02:50:05
968,422,164,[ 1  2  3  4  5  6  7  8  9 10 11 12],2555,286,139,22.22,2006-11-09,02:50:05
969,225,164,[ 1  2  3  4  5  6  7  8  9 10 11 12],441,357,174,124.03,2006-11-09,02:50:05
970,132,164,[1 2 3 4 5 6],1316,204,97,431.27,2006-11-09,02:50:05
971,403,165,[1 2 3 4 5 6 7],2576,39,212,11.52,2013-12-31,09:04:13
972,153,165,[1 2 3 4 5 6 7],3124,81,74,32.92,2013-12-31,09:04:13
973,438,165,[1 2 3 4 5 6 7 8],814,162,235,9.16,2013-12-31,09:04:13
974,95,165,[1],2309,46,81,360.99,2013-12-31,09:04:13
975,167,165,[ 1  2  3  4  5  6  7  8  9 10 11],794,7,139,9.59,2013-12-31,09:04:13
976,24,165,[1 2 3 4 5 6 7],1264,227,154,83.25,2013-12-31,09:04:13
977,477,165,[1 2 3],2202,367,220,34.54,2013-12-31,09:04:13
978,455,166,[1 2 3 4 5 6 7],2605,53,53,227.07,2013-12-31,09:04:13
979,489,166,[1 2 3 4 5 6 7],1630,233,231,16.69,2013-12-31,09:04:13
980,70,166,[1 2 3 4 5 6 7 8],3380,79,94,262.06,2013-12-31,09:04:13
981,183,166,[1],2603,415,249,13.93,2013-12-31,09:04:13
982,166,166,[ 1  2  3  4  5  6  7  8  9 10 11],26,408,240,35.29,2013-12-31,09:04:13
983,57,166,[1 2 3 4 5 6 7],154,93,170,10.91,2013-12-31,09:04:13
984,164,166,[1 2 3],1594,369,179,1066.13,2013-12-31,09:04:13
985,164,167,[1 2 3 4 5 6 7],1444,341,14,17.23,2013-12-31,09:04:13
986,398,167,[1 2 3 4 5 6 7],975,432,109,25.24,2013-12-31,09:04:13
987,209,167,[1 2 3 4 5 6 7 8],2770,91,120,249.97,2013-12-31,09:04:13
988,292,167,[1],23,87,153,15.66,2013-12-31,09:04:13
989,388,167,[ 1  2  3  4  5  6  7  8  9 10 11],1227,365,136,57.14,2013-12-31,09:04:13
990,55,167,[1 2 3 4 5 6 7],2809,435,3,26.89,2013-12-31,09:04:13
991,308,167,[1 2 3],1174,396,196,56.16,2013-12-31,09:04:13
992,236,168,[1 2 3 4 5 6 7],3686,319,31,17.59,2013-12-31,09:04:13
993,228,168,[1 2 3 4 5 6 7],2183,297,22,151.21,2013-12-31,09:04:13
994,219,168,[1 2 3 4 5 6 7 8],407,488,205,13.41,2013-12-31,09:04:13
995,14,168,[1],1136,438,174,77.35,2013-12-31,09:04:13
996,426,168,[ 1  2  3  4  5  6  7  8  9 10 11],2841,65,114,19.51,2013-12-31,09:04:13
997,124,168,[1 2 3 4 5 6 7],2814,475,71,20.25,2013-12-31,09:04:13
998,83,168,[1 2 3],158,24,47,9.84,2013-12-31,09:04:13
999,262,169,[1 2 3 4 5 6 7],1993,244,113,13.79,2013-12-31,09:04:13
1000,223,169,[1 2 3 4 5 6 7],1902,433,140,9.01,2013-12-31,09:04:13
1001,194,169,[1 2 3 4 5 6 7 8],686,219,224,48.66,2013-12-31,09:04:13
1002,31,169,[1],545,113,186,8.39,2013-12-31,09:04:13
1003,112,169,[ 1  2  3  4  5  6  7  8  9 10 11],2847,177,199,12.37,2013-12-31,09:04:13
1004,409,169,[1 2 3 4 5 6 7],2905,1,225,31.33,2013-12-31,09:04:13
1005,197,169,[1 2 3],913,482,165,16.07,2013-12-31,09:04:13
1006,439,170,[1 2 3 4 5 6 7],1199,272,31,896.38,2013-12-31,09:04:13
1007,305,170,[1 2 3 4 5 6 7],2214,271,2,147.62,2013-12-31,09:04:13
1008,383,170,[1 2 3 4 5 6 7 8],620,489,107,64.72,2013-12-31,09:04:13
1009,479,170,[1],2105,22,20,52.17,2013-12-31,09:04:13
1010,242,170,[ 1  2  3  4  5  6  7  8  9 10 11],3589,214,234,149.64,2013-12-31,09:04:13
1011,381,170,[1 2 3 4 5 6 7],2696,187,73,141.52,2013-12-31,09:04:13
1012,131,170,[1 2 3],2204,12,174,396.57,2013-12-31,09:04:13
1013,135,171,[1 2 3 4 5 6 7],1206,156,51,47.08,2013-12-31,09:04:13
1014,35,171,[1 2 3 4 5 6 7],3770,299,151,9.16,2013-12-31,09:04:13
1015,39,171,[1 2 3 4 5 6 7 8],3026,293,84,16.77,2013-12-31,09:04:13
1016,301,171,[1],3807,470,114,16.1,2013-12-31,09:04:13
1017,60,171,[ 1  2  3  4  5  6  7  8  9 10 11],946,25,180,15.68,2013-12-31,09:04:13
1018,99,171,[1 2 3 4 5 6 7],419,65,188,11.51,2013-12-31,09:04:13
1019,215,171,[1 2 3],44,113,135,22.18,2013-12-31,09:04:13
1020,374,172,[1 2 3 4],3436,242,201,12.75,2021-11-12,19:38:02
1021,52,172,[1 2 3 4 5 6 7 8 9],1195,311,102,14.48,2021-11-12,19:38:02
1022,230,172,[ 1  2  3  4  5  6  7  8  9 10 11],2436,396,101,820.7,2021-11-12,19:38:02
1023,427,173,[1 2 3 4],844,195,225,109.25,2021-11-12,19:38:02
1024,273,173,[1 2 3 4 5 6 7 8 9],244,151,95,42.93,2021-11-12,19:38:02
1025,437,173,[ 1  2  3  4  5  6  7  8  9 10 11],1411,17,148,38.72,2021-11-12,19:38:02
1026,153,174,[1 2 3 4],3740,0,99,32.86,2021-11-12,19:38:02
1027,417,174,[1 2 3 4 5 6 7 8 9],2051,200,131,8.51,2021-11-12,19:38:02
1028,236,174,[ 1  2  3  4  5  6  7  8  9 10 11],2877,208,115,53.63,2021-11-12,19:38:02
1029,303,175,[ 1  2  3  4  5  6  7  8  9 10 11],2620,17,78,28.58,2022-03-09,13:22:46
1030,413,175,[1 2],506,392,199,26.88,2022-03-09,13:22:46
1031,333,175,[1 2 3 4 5 6 7],3787,231,130,165.54,2022-03-09,13:22:46
1032,407,176,[ 1  2  3  4  5  6  7  8  9 10 11],3596,170,25,11.97,2022-03-09,13:22:46
1033,114,176,[1 2],3231,73,63,13.36,2022-03-09,13:22:46
1034,140,176,[1 2 3 4 5 6 7],3456,480,172,45.56,2022-03-09,13:22:46
1035,421,177,[ 1  2  3  4  5  6  7  8  9 10 11],1825,395,142,12.33,2022-03-09,13:22:46
1036,379,177,[1 2],2523,36,109,426.27,2022-03-09,13:22:46
1037,447,177,[1 2 3 4 5 6 7],3467,32,216,20.58,2022-03-09,13:22:46
1038,268,178,[1 2 3 4 5 6 7],3102,93,250,30.2,2018-01-09,02:34:42
1039,439,178,[1 2],1133,184,101,257.84,2018-01-09,02:34:42
1040,467,178,[ 1  2  3  4  5  6  7  8  9 10 11],3165,278,128,118.0,2018-01-09,02:34:42
1041,105,178,[ 1  2  3  4  5  6  7  8  9 10 11 12],2530,451,91,20.22,2018-01-09,02:34:42
1042,203,178,[1],1280,164,216,175.31,2018-01-09,02:34:42
1043,139,179,[1 2 3 4 5 6 7],528,463,146,26.57,2018-01-09,02:34:42
1044,145,179,[1 2],3130,227,42,5.93,2018-01-09,02:34:42
1045,216,179,[ 1  2  3  4  5  6  7  8  9 10 11],844,376,70,97.21,2018-01-09,02:34:42
1046,164,179,[ 1  2  3  4  5  6  7  8  9 10 11 12],2312,64,176,193.16,2018-01-09,02:34:42
1047,152,179,[1],3040,200,70,21.84,2018-01-09,02:34:42
1048,391,180,[1 2 3 4 5 6 7],2956,47,158,74.56,2018-01-09,02:34:42
1049,414,180,[1 2],520,433,230,1564.26,2018-01-09,02:34:42
1050,296,180,[ 1  2  3  4  5  6  7  8  9 10 11],1600,108,95,44.2,2018-01-09,02:34:42
1051,462,180,[ 1  2  3  4  5  6  7  8  9 10 11 12],1042,432,201,1508.27,2018-01-09,02:34:42
1052,268,180,[1],3406,89,8,316.7,2018-01-09,02:34:42
1053,493,181,[1 2 3 4 5 6 7],3066,237,60,47.54,2018-01-09,02:34:42
1054,240,181,[1 2],673,147,208,91.72,2018-01-09,02:34:42
1055,192,181,[ 1  2  3  4  5  6  7  8  9 10 11],2338,54,116,950.36,2018-01-09,02:34:42
1056,425,181,[ 1  2  3  4  5  6  7  8  9 10 11 12],1687,297,59,43.12,2018-01-09,02:34:42
1057,68,181,[1],1542,43,250,13.0,2018-01-09,02:34:42
1058,134,182,[1 2 3 4 5 6 7],2709,242,137,95.71,2018-01-09,02:34:42
1059,98,182,[1 2],2815,66,56,158.28,2018-01-09,02:34:42
1060,362,182,[ 1  2  3  4  5  6  7  8  9 10 11],187,412,46,20.2,2018-01-09,02:34:42
1061,190,182,[ 1  2  3  4  5  6  7  8  9 10 11 12],3652,390,65,764.64,2018-01-09,02:34:42
1062,491,182,[1],1152,337,47,498.69,2018-01-09,02:34:42
1063,120,183,[1 2],2031,92,157,8.57,2012-05-08,05:20:47
1064,48,183,[1 2 3 4 5 6 7 8 9],297,67,109,14.56,2012-05-08,05:20:47
1065,335,183,[1 2 3 4 5 6],1067,276,62,90.03,2012-05-08,05:20:47
1066,229,184,[1 2],438,448,73,16.74,2012-05-08,05:20:47
1067,79,184,[1 2 3 4 5 6 7 8 9],2357,106,108,277.13,2012-05-08,05:20:47
1068,370,184,[1 2 3 4 5 6],3513,454,101,29.94,2012-05-08,05:20:47
1069,460,185,[1 2],829,93,182,21.1,2012-05-08,05:20:47
1070,284,185,[1 2 3 4 5 6 7 8 9],3462,199,30,28.63,2012-05-08,05:20:47
1071,424,185,[1 2 3 4 5 6],2852,206,48,14.67,2012-05-08,05:20:47
1072,142,186,[1 2 3 4 5 6],584,479,209,25.59,2016-05-09,02:05:35
1073,126,187,[1 2 3 4 5],2593,231,85,38.9,2012-07-26,03:02:10
1074,462,187,[1 2 3 4 5 6 7],743,498,203,18.28,2012-07-26,03:02:10
1075,247,187,[1 2 3 4 5 6 7 8],1479,201,149,8.64,2012-07-26,03:02:10
1076,10,187,[ 1  2  3  4  5  6  7  8  9 10],2301,51,24,16.24,2012-07-26,03:02:10
1077,372,187,[1 2 3 4 5 6],3369,137,162,13.77,2012-07-26,03:02:10
1078,339,187,[1 2],988,340,84,32.67,2012-07-26,03:02:10
1079,160,187,[1 2 3 4 5 6],3151,331,133,12.61,2012-07-26,03:02:10
1080,390,188,[1 2 3 4 5],310,102,74,11.56,2012-07-26,03:02:10
1081,186,188,[1 2 3 4 5 6 7],2452,438,53,23.72,2012-07-26,03:02:10
1082,474,188,[1 2 3 4 5 6 7 8],1849,224,7,17.25,2012-07-26,03:02:10
1083,212,188,[ 1  2  3  4  5  6  7  8  9 10],1001,360,216,34.9,2012-07-26,03:02:10
1084,86,188,[1 2 3 4 5 6],2296,475,113,184.97,2012-07-26,03:02:10
1085,24,188,[1 2],334,80,27,11.22,2012-07-26,03:02:10
1086,113,188,[1 2 3 4 5 6],2008,460,156,36.93,2012-07-26,03:02:10
1087,341,189,[1 2 3 4 5],3092,130,51,21.66,2012-07-26,03:02:10
1088,458,189,[1 2 3 4 5 6 7],2478,130,198,25.25,2012-07-26,03:02:10
1089,25,189,[1 2 3 4 5 6 7 8],1289,51,33,28.27,2012-07-26,03:02:10
1090,53,189,[ 1  2  3  4  5  6  7  8  9 10],781,153,70,40.59,2012-07-26,03:02:10
1091,423,189,[1 2 3 4 5 6],284,397,101,5.63,2012-07-26,03:02:10
1092,141,189,[1 2],1426,437,30,21.77,2012-07-26,03:02:10
1093,176,189,[1 2 3 4 5 6],2283,323,115,672.39,2012-07-26,03:02:10
1094,8,190,[1 2 3 4 5],1986,291,49,9.35,2012-07-26,03:02:10
1095,264,190,[1 2 3 4 5 6 7],1337,424,143,77.15,2012-07-26,03:02:10
1096,272,190,[1 2 3 4 5 6 7 8],582,379,12,61.08,2012-07-26,03:02:10
1097,453,190,[ 1  2  3  4  5  6  7  8  9 10],262,337,197,43.35,2012-07-26,03:02:10
1098,229,190,[1 2 3 4 5 6],771,331,200,25.81,2012-07-26,03:02:10
1099,25,190,[1 2],2703,338,97,20.3,2012-07-26,03:02:10
1100,263,190,[1 2 3 4 5 6],2549,282,15,30.93,2012-07-26,03:02:10
1101,324,191,[1 2 3 4 5],303,164,182,34.58,2012-07-26,03:02:10
1102,433,191,[1 2 3 4 5 6 7],463,155,32,13.84,2012-07-26,03:02:10
1103,314,191,[1 2 3 4 5 6 7 8],3737,288,24,15.65,2012-07-26,03:02:10
1104,154,191,[ 1  2  3  4  5  6  7  8  9 10],2362,228,143,428.06,2012-07-26,03:02:10
1105,190,191,[1 2 3 4 5 6],3495,404,98,33.32,2012-07-26,03:02:10
1106,430,191,[1 2],2448,199,91,93.38,2012-07-26,03:02:10
1107,37,191,[1 2 3 4 5 6],710,430,185,22.08,2012-07-26,03:02:10
1108,426,192,[1 2 3 4 5],2897,151,29,38.18,2012-07-26,03:02:10
1109,472,192,[1 2 3 4 5 6 7],545,426,225,10.75,2012-07-26,03:02:10
1110,115,192,[1 2 3 4 5 6 7 8],2942,431,152,245.01,2012-07-26,03:02:10
1111,81,192,[ 1  2  3  4  5  6  7  8  9 10],2387,460,192,575.93,2012-07-26,03:02:10
1112,6,192,[1 2 3 4 5 6],2743,263,50,55.35,2012-07-26,03:02:10
1113,296,192,[1 2],3117,407,82,488.35,2012-07-26,03:02:10
1114,230,192,[1 2 3 4 5 6],78,415,13,9.61,2012-07-26,03:02:10
1115,254,193,[1 2 3 4 5],2750,67,154,16.81,2012-07-26,03:02:10
1116,49,193,[1 2 3 4 5 6 7],3730,162,178,63.9,2012-07-26,03:02:10
1117,77,193,[1 2 3 4 5 6 7 8],179,263,19,26.58,2012-07-26,03:02:10
1118,35,193,[ 1  2  3  4  5  6  7  8  9 10],1001,481,38,37.12,2012-07-26,03:02:10
1119,86,193,[1 2 3 4 5 6],2917,38,107,8.67,2012-07-26,03:02:10
1120,141,193,[1 2],3243,498,205,21.71,2012-07-26,03:02:10
1121,365,193,[1 2 3 4 5 6],3003,378,240,23.44,2012-07-26,03:02:10
1122,16,194,[1 2 3 4 5 6 7 8 9],1850,142,56,31.66,2019-06-09,14:24:44
1123,306,194,[1 2 3 4 5 6 7],2710,129,164,46.6,2019-06-09,14:24:44
1124,310,194,[ 1  2  3  4  5  6  7  8  9 10 11],2658,291,106,29.13,2019-06-09,14:24:44
1125,165,194,[ 1  2  3  4  5  6  7  8  9 10 11 12],2124,68,96,810.29,2019-06-09,14:24:44
1126,408,194,[1 2 3 4 5 6],3207,428,179,11.68,2019-06-09,14:24:44
1127,389,195,[1 2 3 4 5 6 7 8 9],3148,116,214,22.04,2019-06-09,14:24:44
1128,55,195,[1 2 3 4 5 6 7],1884,346,32,15.42,2019-06-09,14:24:44
1129,342,195,[ 1  2  3  4  5  6  7  8  9 10 11],799,5,26,1924.95,2019-06-09,14:24:44
1130,490,195,[ 1  2  3  4  5  6  7  8  9 10 11 12],290,327,102,103.51,2019-06-09,14:24:44
1131,426,195,[1 2 3 4 5 6],1125,147,191,67.69,2019-06-09,14:24:44
1132,31,196,[1 2 3 4 5 6 7 8 9],1506,204,218,14.23,2019-06-09,14:24:44
1133,38,196,[1 2 3 4 5 6 7],261,453,185,7.81,2019-06-09,14:24:44
1134,72,196,[ 1  2  3  4  5  6  7  8  9 10 11],1947,349,140,12.1,2019-06-09,14:24:44
1135,50,196,[ 1  2  3  4  5  6  7  8  9 10 11 12],2923,378,159,17.37,2019-06-09,14:24:44
1136,211,196,[1 2 3 4 5 6],3583,446,43,17.8,2019-06-09,14:24:44
1137,229,197,[1 2 3 4 5 6 7 8 9],3568,91,73,203.48,2019-06-09,14:24:44
1138,153,197,[1 2 3 4 5 6 7],2329,435,28,1081.87,2019-06-09,14:24:44
1139,427,197,[ 1  2  3  4  5  6  7  8  9 10 11],2654,250,220,17.08,2019-06-09,14:24:44
1140,88,197,[ 1  2  3  4  5  6  7  8  9 10 11 12],3420,221,96,10.98,2019-06-09,14:24:44
1141,485,197,[1 2 3 4 5 6],2959,281,216,152.71,2019-06-09,14:24:44
1142,462,198,[1 2 3 4 5 6 7 8 9],2542,210,172,252.17,2019-06-09,14:24:44
1143,45,198,[1 2 3 4 5 6 7],345,98,21,13.86,2019-06-09,14:24:44
1144,124,198,[ 1  2  3  4  5  6  7  8  9 10 11],1723,180,249,9.77,2019-06-09,14:24:44
1145,243,198,[ 1  2  3  4  5  6  7  8  9 10 11 12],248,239,229,88.35,2019-06-09,14:24:44
1146,11,198,[1 2 3 4 5 6],415,333,54,15.72,2019-06-09,14:24:44
1147,283,199,[1 2 3 4 5 6 7],2802,343,244,307.03,2019-06-07,22:45:15
1148,384,199,[1],15,89,66,39.99,2019-06-07,22:45:15
1149,272,200,[1 2 3 4 5 6 7],3805,438,62,10.78,2019-06-07,22:45:15
1150,495,200,[1],2478,482,174,23.9,2019-06-07,22:45:15
1151,341,201,[ 1  2  3  4  5  6  7  8  9 10],1213,473,114,8.72,2016-07-29,03:44:52
1152,489,201,[1 2 3 4 5],2201,67,38,264.71,2016-07-29,03:44:52
1153,64,201,[1 2 3 4],1216,138,77,12.88,2016-07-29,03:44:52
1154,309,201,[1],1242,211,202,35.31,2016-07-29,03:44:52
1155,323,202,[ 1  2  3  4  5  6  7  8  9 10],2412,446,77,588.92,2016-07-29,03:44:52
1156,207,202,[1 2 3 4 5],2633,130,145,35.97,2016-07-29,03:44:52
1157,327,202,[1 2 3 4],2443,198,175,67.9,2016-07-29,03:44:52
1158,172,202,[1],3132,260,200,11.74,2016-07-29,03:44:52
1159,477,203,[ 1  2  3  4  5  6  7  8  9 10],2737,103,44,68.81,2016-07-29,03:44:52
1160,480,203,[1 2 3 4 5],3036,63,164,221.55,2016-07-29,03:44:52
1161,491,203,[1 2 3 4],2879,472,103,10.04,2016-07-29,03:44:52
1162,486,203,[1],1897,285,201,8.34,2016-07-29,03:44:52
1163,180,204,[ 1  2  3  4  5  6  7  8  9 10],491,261,140,38.63,2016-07-29,03:44:52
1164,16,204,[1 2 3 4 5],3390,167,82,195.3,2016-07-29,03:44:52
1165,80,204,[1 2 3 4],2897,447,35,37.38,2016-07-29,03:44:52
1166,68,204,[1],2453,308,135,20.45,2016-07-29,03:44:52
1167,489,205,[1 2 3 4],3299,225,229,45.52,2007-06-20,11:05:27
1168,78,205,[1 2 3 4],2588,371,189,18.24,2007-06-20,11:05:27
1169,70,205,[1 2 3 4 5],2552,84,37,6.91,2007-06-20,11:05:27
1170,384,205,[1 2 3 4 5 6],908,222,167,25.9,2007-06-20,11:05:27
1171,435,205,[1 2 3 4 5 6 7],3731,443,202,24.59,2007-06-20,11:05:27
1172,168,205,[ 1  2  3  4  5  6  7  8  9 10 11],1036,412,12,26.8,2007-06-20,11:05:27
1173,218,205,[1 2 3 4 5 6 7 8],2592,53,192,17.68,2007-06-20,11:05:27
1174,485,205,[1 2 3],3743,346,243,191.74,2007-06-20,11:05:27
1175,338,206,[1 2 3 4],2181,308,131,495.1,2007-06-20,11:05:27
1176,437,206,[1 2 3 4],2409,273,147,196.34,2007-06-20,11:05:27
1177,385,206,[1 2 3 4 5],1598,385,83,8.22,2007-06-20,11:05:27
1178,301,206,[1 2 3 4 5 6],2140,113,120,636.0,2007-06-20,11:05:27
1179,54,206,[1 2 3 4 5 6 7],3102,211,134,33.98,2007-06-20,11:05:27
1180,38,206,[ 1  2  3  4  5  6  7  8  9 10 11],933,51,240,8.78,2007-06-20,11:05:27
1181,140,206,[1 2 3 4 5 6 7 8],225,10,227,9.14,2007-06-20,11:05:27
1182,6,206,[1 2 3],362,417,217,5.85,2007-06-20,11:05:27
1183,238,207,[1 2 3 4],1971,20,167,11.73,2007-06-20,11:05:27
1184,328,207,[1 2 3 4],89,104,17,18.1,2007-06-20,11:05:27
1185,466,207,[1 2 3 4 5],2918,410,187,207.72,2007-06-20,11:05:27
1186,20,207,[1 2 3 4 5 6],517,414,99,19.63,2007-06-20,11:05:27
1187,62,207,[1 2 3 4 5 6 7],1827,221,246,8.1,2007-06-20,11:05:27
1188,402,207,[ 1  2  3  4  5  6  7  8  9 10 11],3017,335,15,17.69,2007-06-20,11:05:27
1189,410,207,[1 2 3 4 5 6 7 8],250,304,133,27.01,2007-06-20,11:05:27
1190,403,207,[1 2 3],228,426,104,2037.56,2007-06-20,11:05:27
1191,59,208,[1 2 3 4],774,282,51,60.68,2007-06-20,11:05:27
1192,119,208,[1 2 3 4],2141,298,68,901.61,2007-06-20,11:05:27
1193,429,208,[1 2 3 4 5],2344,348,76,30.53,2007-06-20,11:05:27
1194,120,208,[1 2 3 4 5 6],1881,297,103,11.34,2007-06-20,11:05:27
1195,288,208,[1 2 3 4 5 6 7],771,248,116,24.96,2007-06-20,11:05:27
1196,482,208,[ 1  2  3  4  5  6  7  8  9 10 11],676,307,16,39.81,2007-06-20,11:05:27
1197,351,208,[1 2 3 4 5 6 7 8],366,104,186,22.11,2007-06-20,11:05:27
1198,246,208,[1 2 3],442,299,77,15.18,2007-06-20,11:05:27
1199,7,209,[1 2 3 4],3270,134,42,150.82,2007-06-20,11:05:27
1200,217,209,[1 2 3 4],2396,191,33,210.39,2007-06-20,11:05:27
1201,473,209,[1 2 3 4 5],1761,327,74,91.26,2007-06-20,11:05:27
1202,207,209,[1 2 3 4 5 6],2493,382,199,18.73,2007-06-20,11:05:27
1203,168,209,[1 2 3 4 5 6 7],3811,461,188,226.26,2007-06-20,11:05:27
1204,292,209,[ 1  2  3  4  5  6  7  8  9 10 11],1289,333,37,27.52,2007-06-20,11:05:27
1205,101,209,[1 2 3 4 5 6 7 8],2223,145,66,556.34,2007-06-20,11:05:27
1206,152,209,[1 2 3],1251,319,74,21.63,2007-06-20,11:05:27
1207,349,210,[1 2 3 4],613,97,247,19.39,2007-06-20,11:05:27
1208,392,210,[1 2 3 4],2005,213,46,37.15,2007-06-20,11:05:27
1209,299,210,[1 2 3 4 5],350,338,217,16.37,2007-06-20,11:05:27
1210,474,210,[1 2 3 4 5 6],1512,374,92,477.12,2007-06-20,11:05:27
1211,344,210,[1 2 3 4 5 6 7],3115,17,196,179.54,2007-06-20,11:05:27
1212,404,210,[ 1  2  3  4  5  6  7  8  9 10 11],1346,323,157,14.9,2007-06-20,11:05:27
1213,277,210,[1 2 3 4 5 6 7 8],3371,460,211,27.94,2007-06-20,11:05:27
1214,335,210,[1 2 3],2071,232,69,9.67,2007-06-20,11:05:27
1215,238,211,[1 2 3 4],1932,326,141,9.82,2007-06-20,11:05:27
1216,281,211,[1 2 3 4],292,486,28,100.76,2007-06-20,11:05:27
1217,232,211,[1 2 3 4 5],102,107,104,8.24,2007-06-20,11:05:27
1218,82,211,[1 2 3 4 5 6],3159,110,202,10.15,2007-06-20,11:05:27
1219,241,211,[1 2 3 4 5 6 7],2125,70,44,139.37,2007-06-20,11:05:27
1220,73,211,[ 1  2  3  4  5  6  7  8  9 10 11],1122,69,162,2111.29,2007-06-20,11:05:27
1221,463,211,[1 2 3 4 5 6 7 8],290,98,129,102.93,2007-06-20,11:05:27
1222,495,211,[1 2 3],779,88,181,98.97,2007-06-20,11:05:27
1223,143,212,[1 2 3 4],3449,368,181,52.46,2007-06-20,11:05:27
1224,179,212,[1 2 3 4],2164,387,93,1152.49,2007-06-20,11:05:27
1225,448,212,[1 2 3 4 5],2695,165,130,15.87,2007-06-20,11:05:27
1226,364,212,[1 2 3 4 5 6],2295,50,123,189.35,2007-06-20,11:05:27
1227,217,212,[1 2 3 4 5 6 7],2050,369,207,21.5,2007-06-20,11:05:27
1228,373,212,[ 1  2  3  4  5  6  7  8  9 10 11],469,488,81,2317.83,2007-06-20,11:05:27
1229,189,212,[1 2 3 4 5 6 7 8],1032,213,49,166.5,2007-06-20,11:05:27
1230,277,212,[1 2 3],3246,70,239,60.88,2007-06-20,11:05:27
1231,346,213,[1 2 3 4 5 6],2294,461,149,263.27,2007-10-24,02:42:11
1232,55,213,[ 1  2  3  4  5  6  7  8  9 10],485,240,232,54.17,2007-10-24,02:42:11
1233,483,213,[1 2],3762,241,27,38.28,2007-10-24,02:42:11
1234,266,213,[ 1  2  3  4  5  6  7  8  9 10 11],1728,103,137,14.29,2007-10-24,02:42:11
1235,106,214,[1 2 3 4 5 6],3619,418,17,46.18,2007-10-24,02:42:11
1236,182,214,[ 1  2  3  4  5  6  7  8  9 10],2771,429,201,43.23,2007-10-24,02:42:11
1237,301,214,[1 2],343,274,228,20.8,2007-10-24,02:42:11
1238,15,214,[ 1  2  3  4  5  6  7  8  9 10 11],2790,197,187,20.87,2007-10-24,02:42:11
1239,270,215,[1 2 3 4 5 6],892,250,163,10.6,2007-10-24,02:42:11
1240,276,215,[ 1  2  3  4  5  6  7  8  9 10],1260,498,76,187.54,2007-10-24,02:42:11
1241,357,215,[1 2],3804,222,43,1015.8,2007-10-24,02:42:11
1242,170,215,[ 1  2  3  4  5  6  7  8  9 10 11],3699,349,105,20.72,2007-10-24,02:42:11
1243,179,216,[1 2 3 4 5 6],698,199,63,19.51,2007-10-24,02:42:11
1244,354,216,[ 1  2  3  4  5  6  7  8  9 10],3755,405,84,9.2,2007-10-24,02:42:11
1245,57,216,[1 2],1330,225,190,27.34,2007-10-24,02:42:11
1246,39,216,[ 1  2  3  4  5  6  7  8  9 10 11],1403,97,196,15.61,2007-10-24,02:42:11
1247,51,217,[1 2 3 4 5 6],631,323,100,35.81,2000-07-22,00:53:00
1248,494,217,[1 2 3 4 5 6 7 8 9],3277,222,22,306.97,2000-07-22,00:53:00
1249,67,217,[1 2 3 4 5 6],1504,266,61,12.85,2000-07-22,00:53:00
1250,52,218,[1 2 3 4 5 6],1725,146,83,20.23,2000-07-22,00:53:00
1251,350,218,[1 2 3 4 5 6 7 8 9],1373,160,39,41.66,2000-07-22,00:53:00
1252,55,218,[1 2 3 4 5 6],110,460,21,18.79,2000-07-22,00:53:00
1253,279,219,[1 2 3 4 5 6],2345,56,184,510.04,2000-07-22,00:53:00
1254,180,219,[1 2 3 4 5 6 7 8 9],1588,385,193,39.25,2000-07-22,00:53:00
1255,4,219,[1 2 3 4 5 6],1593,104,86,19.53,2000-07-22,00:53:00
1256,277,220,[1 2 3],3315,485,170,29.77,2019-05-30,23:05:01
1257,75,220,[1 2 3],2104,54,173,61.25,2019-05-30,23:05:01
1258,295,220,[1 2 3 4 5 6 7 8],223,120,39,30.96,2019-05-30,23:05:01
1259,222,220,[ 1  2  3  4  5  6  7  8  9 10 11 12],2529,382,93,2.09,2019-05-30,23:05:01
1260,60,220,[1 2 3 4],441,120,115,123.47,2019-05-30,23:05:01
1261,311,221,[1 2 3],3177,315,175,43.96,2019-05-30,23:05:01
1262,217,221,[1 2 3],2401,438,135,291.38,2019-05-30,23:05:01
1263,308,221,[1 2 3 4 5 6 7 8],3257,67,143,16.29,2019-05-30,23:05:01
1264,22,221,[ 1  2  3  4  5  6  7  8  9 10 11 12],2848,17,180,23.13,2019-05-30,23:05:01
1265,178,221,[1 2 3 4],1543,239,146,14.57,2019-05-30,23:05:01
1266,444,222,[1 2 3],1282,424,5,22.43,2019-05-30,23:05:01
1267,72,222,[1 2 3],3709,431,199,27.94,2019-05-30,23:05:01
1268,401,222,[1 2 3 4 5 6 7 8],2564,193,129,9.04,2019-05-30,23:05:01
1269,115,222,[ 1  2  3  4  5  6  7  8  9 10 11 12],3295,85,65,30.82,2019-05-30,23:05:01
1270,447,222,[1 2 3 4],3501,458,119,18.69,2019-05-30,23:05:01
1271,411,223,[1 2 3],592,498,160,10.12,2019-05-30,23:05:01
1272,412,223,[1 2 3],2726,139,92,7.6,2019-05-30,23:05:01
1273,118,223,[1 2 3 4 5 6 7 8],366,96,127,26.2,2019-05-30,23:05:01
1274,254,223,[ 1  2  3  4  5  6  7  8  9 10 11 12],2053,164,208,17.95,2019-05-30,23:05:01
1275,49,223,[1 2 3 4],2138,11,119,222.48,2019-05-30,23:05:01
1276,47,224,[1 2 3],270,372,193,14.23,2019-05-30,23:05:01
1277,227,224,[1 2 3],1886,150,243,48.31,2019-05-30,23:05:01
1278,169,224,[1 2 3 4 5 6 7 8],3562,52,25,15.46,2019-05-30,23:05:01
1279,71,224,[ 1  2  3  4  5  6  7  8  9 10 11 12],3404,19,97,125.17,2019-05-30,23:05:01
1280,110,224,[1 2 3 4],1894,318,244,166.09,2019-05-30,23:05:01
1281,474,225,[1 2 3 4 5 6],931,488,187,6.6,2012-04-27,01:27:48
1282,99,225,[1 2],3510,410,221,9.14,2012-04-27,01:27:48
1283,201,225,[1 2 3 4 5],607,165,236,1336.18,2012-04-27,01:27:48
1284,43,225,[1],1141,157,176,12.25,2012-04-27,01:27:48
1285,162,225,[1 2 3 4 5 6 7 8],600,1,192,26.63,2012-04-27,01:27:48
1286,188,226,[1 2 3 4 5 6],3681,283,1,80.49,2012-04-27,01:27:48
1287,432,226,[1 2],3194,365,25,52.15,2012-04-27,01:27:48
1288,483,226,[1 2 3 4 5],2348,380,199,381.05,2012-04-27,01:27:48
1289,317,226,[1],2035,84,194,44.7,2012-04-27,01:27:48
1290,415,226,[1 2 3 4 5 6 7 8],889,146,189,267.02,2012-04-27,01:27:48
1291,276,227,[1 2 3 4 5 6],89,307,206,16.16,2012-04-27,01:27:48
1292,493,227,[1 2],2846,178,235,194.4,2012-04-27,01:27:48
1293,479,227,[1 2 3 4 5],3209,119,90,27.16,2012-04-27,01:27:48
1294,456,227,[1],1076,122,147,22.43,2012-04-27,01:27:48
1295,313,227,[1 2 3 4 5 6 7 8],3525,378,241,26.27,2012-04-27,01:27:48
1296,347,228,[1 2 3 4 5 6],2525,423,76,15.3,2012-04-27,01:27:48
1297,215,228,[1 2],1886,150,186,48.31,2012-04-27,01:27:48
1298,272,228,[1 2 3 4 5],3207,244,74,14.97,2012-04-27,01:27:48
1299,219,228,[1],3224,229,65,47.12,2012-04-27,01:27:48
1300,447,228,[1 2 3 4 5 6 7 8],1141,178,155,12.14,2012-04-27,01:27:48
1301,235,229,[1 2 3 4 5 6],2542,304,146,249.41,2012-04-27,01:27:48
1302,2,229,[1 2],3598,104,147,14.57,2012-04-27,01:27:48
1303,343,229,[1 2 3 4 5],1720,323,56,24.96,2012-04-27,01:27:48
1304,474,229,[1],1601,115,185,103.1,2012-04-27,01:27:48
1305,149,229,[1 2 3 4 5 6 7 8],229,2,97,1783.92,2012-04-27,01:27:48
1306,354,230,[1 2 3 4],820,273,188,145.23,2014-04-28,05:19:17
1307,405,230,[1 2 3 4 5 6 7 8],1853,396,122,10.39,2014-04-28,05:19:17
1308,44,230,[1 2],1245,478,212,1765.22,2014-04-28,05:19:17
1309,474,231,[1 2 3 4],2847,254,180,13.48,2014-04-28,05:19:17
1310,128,231,[1 2 3 4 5 6 7 8],2870,81,169,27.12,2014-04-28,05:19:17
1311,130,231,[1 2],1925,423,15,10.06,2014-04-28,05:19:17
1312,225,232,[1 2 3 4],1526,167,250,6.63,2014-04-28,05:19:17
1313,103,232,[1 2 3 4 5 6 7 8],124,430,174,14.38,2014-04-28,05:19:17
1314,62,232,[1 2],233,360,132,1844.13,2014-04-28,05:19:17
1315,254,233,[1 2],609,445,210,47.86,2000-06-03,10:17:01
1316,75,233,[1 2 3 4 5 6 7 8],2610,340,231,272.8,2000-06-03,10:17:01
1317,138,233,[1],3671,389,83,38.8,2000-06-03,10:17:01
1318,160,233,[1 2 3 4 5],2400,298,3,333.93,2000-06-03,10:17:01
1319,199,233,[ 1  2  3  4  5  6  7  8  9 10],1940,314,8,19.49,2000-06-03,10:17:01
1320,481,233,[1 2],2082,29,164,31.19,2000-06-03,10:17:01
1321,335,233,[1 2 3],3029,185,131,8.25,2000-06-03,10:17:01
1322,365,234,[1 2],75,105,45,11.89,2000-06-03,10:17:01
1323,22,234,[1 2 3 4 5 6 7 8],2098,90,240,17.31,2000-06-03,10:17:01
1324,326,234,[1],2441,293,16,16.75,2000-06-03,10:17:01
1325,459,234,[1 2 3 4 5],2681,3,196,14.8,2000-06-03,10:17:01
1326,303,234,[ 1  2  3  4  5  6  7  8  9 10],693,365,146,9.13,2000-06-03,10:17:01
1327,155,234,[1 2],1654,161,161,6.6,2000-06-03,10:17:01
1328,194,234,[1 2 3],241,108,183,1791.18,2000-06-03,10:17:01
1329,45,235,[1 2],3406,266,31,270.21,2000-06-03,10:17:01
1330,295,235,[1 2 3 4 5 6 7 8],2002,14,124,14.74,2000-06-03,10:17:01
1331,301,235,[1],2990,377,216,405.75,2000-06-03,10:17:01
1332,331,235,[1 2 3 4 5],1550,488,52,13.0,2000-06-03,10:17:01
1333,384,235,[ 1  2  3  4  5  6  7  8  9 10],3622,197,232,21.22,2000-06-03,10:17:01
1334,154,235,[1 2],97,82,56,27.48,2000-06-03,10:17:01
1335,319,235,[1 2 3],210,387,15,886.62,2000-06-03,10:17:01
1336,220,236,[1 2],2416,362,81,636.14,2000-06-03,10:17:01
1337,448,236,[1 2 3 4 5 6 7 8],867,74,122,14.83,2000-06-03,10:17:01
1338,172,236,[1],1309,18,189,67.85,2000-06-03,10:17:01
1339,7,236,[1 2 3 4 5],1140,74,151,1838.6,2000-06-03,10:17:01
1340,86,236,[ 1  2  3  4  5  6  7  8  9 10],452,419,97,10.94,2000-06-03,10:17:01
1341,434,236,[1 2],1218,48,6,10.22,2000-06-03,10:17:01
1342,492,236,[1 2 3],2090,27,77,27.72,2000-06-03,10:17:01
1343,232,237,[1 2],2029,364,197,23.89,2000-06-03,10:17:01
1344,350,237,[1 2 3 4 5 6 7 8],3817,279,104,18.28,2000-06-03,10:17:01
1345,396,237,[1],63,440,143,31.91,2000-06-03,10:17:01
1346,28,237,[1 2 3 4 5],1960,491,238,8.4,2000-06-03,10:17:01
1347,417,237,[ 1  2  3  4  5  6  7  8  9 10],1484,201,238,10.32,2000-06-03,10:17:01
1348,17,237,[1 2],843,51,177,48.74,2000-06-03,10:17:01
1349,359,237,[1 2 3],2317,282,75,434.71,2000-06-03,10:17:01
1350,413,238,[1 2],3385,389,46,49.59,2000-06-03,10:17:01
1351,61,238,[1 2 3 4 5 6 7 8],22,435,157,28.75,2000-06-03,10:17:01
1352,13,238,[1],3217,379,36,18.22,2000-06-03,10:17:01
1353,43,238,[1 2 3 4 5],3241,476,187,25.81,2000-06-03,10:17:01
1354,372,238,[ 1  2  3  4  5  6  7  8  9 10],3462,155,231,27.98,2000-06-03,10:17:01
1355,222,238,[1 2],1761,327,75,91.26,2000-06-03,10:17:01
1356,209,238,[1 2 3],1144,175,7,12.22,2000-06-03,10:17:01
1357,108,239,[1 2],3292,325,242,27.62,2000-06-03,10:17:01
1358,350,239,[1 2 3 4 5 6 7 8],293,379,184,918.95,2000-06-03,10:17:01
1359,446,239,[1],802,355,56,9.09,2000-06-03,10:17:01
1360,229,239,[1 2 3 4 5],3379,487,91,9.58,2000-06-03,10:17:01
1361,293,239,[ 1  2  3  4  5  6  7  8  9 10],1978,258,77,9.61,2000-06-03,10:17:01
1362,313,239,[1 2],3421,27,153,8.77,2000-06-03,10:17:01
1363,453,239,[1 2 3],1051,155,42,185.37,2000-06-03,10:17:01
1364,114,240,[1 2 3 4 5 6 7 8 9],3271,34,22,5.67,2019-06-28,14:45:28
1365,110,240,[1 2 3 4 5 6 7],1539,31,143,16.03,2019-06-28,14:45:28
1366,406,240,[ 1  2  3  4  5  6  7  8  9 10 11 12],2172,301,71,109.82,2019-06-28,14:45:28
1367,62,241,[1 2 3 4 5 6 7 8 9],1271,168,30,140.97,2019-06-28,14:45:28
1368,62,241,[1 2 3 4 5 6 7],828,392,236,49.03,2019-06-28,14:45:28
1369,138,241,[ 1  2  3  4  5  6  7  8  9 10 11 12],535,305,227,19.48,2019-06-28,14:45:28
1370,190,242,[1 2 3 4 5 6 7 8 9],1102,450,231,19.49,2019-06-28,14:45:28
1371,385,242,[1 2 3 4 5 6 7],165,31,71,14.29,2019-06-28,14:45:28
1372,427,242,[ 1  2  3  4  5  6  7  8  9 10 11 12],1853,308,32,11.56,2019-06-28,14:45:28
1373,401,243,[1 2 3 4 5 6 7 8],3106,363,113,21.52,2004-03-29,09:49:45
1374,64,243,[1 2 3],1867,87,78,15.02,2004-03-29,09:49:45
1375,232,243,[ 1  2  3  4  5  6  7  8  9 10 11 12],2352,177,200,329.85,2004-03-29,09:49:45
1376,320,243,[ 1  2  3  4  5  6  7  8  9 10 11],3660,187,13,97.33,2004-03-29,09:49:45
1377,322,243,[1 2 3],960,129,39,30.01,2004-03-29,09:49:45
1378,488,244,[1 2 3 4 5 6 7 8],1753,484,169,10.46,2004-03-29,09:49:45
1379,285,244,[1 2 3],266,117,31,18.28,2004-03-29,09:49:45
1380,493,244,[ 1  2  3  4  5  6  7  8  9 10 11 12],1033,83,240,25.39,2004-03-29,09:49:45
1381,201,244,[ 1  2  3  4  5  6  7  8  9 10 11],1997,480,82,11.41,2004-03-29,09:49:45
1382,26,244,[1 2 3],2089,199,160,109.87,2004-03-29,09:49:45
1383,11,245,[1 2 3 4 5 6 7 8],526,369,212,14.31,2004-03-29,09:49:45
1384,172,245,[1 2 3],1679,159,172,14.79,2004-03-29,09:49:45
1385,94,245,[ 1  2  3  4  5  6  7  8  9 10 11 12],3165,278,149,118.0,2004-03-29,09:49:45
1386,171,245,[ 1  2  3  4  5  6  7  8  9 10 11],3137,194,242,24.64,2004-03-29,09:49:45
1387,356,245,[1 2 3],175,355,236,18.63,2004-03-29,09:49:45
1388,96,246,[1 2 3 4 5 6 7 8],2496,403,170,19.82,2004-03-29,09:49:45
1389,340,246,[1 2 3],2189,370,115,513.53,2004-03-29,09:49:45
1390,175,246,[ 1  2  3  4  5  6  7  8  9 10 11 12],2251,201,71,431.65,2004-03-29,09:49:45
1391,319,246,[ 1  2  3  4  5  6  7  8  9 10 11],1249,327,190,19.67,2004-03-29,09:49:45
1392,65,246,[1 2 3],820,273,211,145.23,2004-03-29,09:49:45
1393,170,247,[1 2 3 4 5 6 7 8],32,144,83,10.29,2004-03-29,09:49:45
1394,139,247,[1 2 3],2853,273,18,16.69,2004-03-29,09:49:45
1395,279,247,[ 1  2  3  4  5  6  7  8  9 10 11 12],2740,406,87,7.48,2004-03-29,09:49:45
1396,474,247,[ 1  2  3  4  5  6  7  8  9 10 11],1112,238,121,11.04,2004-03-29,09:49:45
1397,469,247,[1 2 3],3774,9,189,19.24,2004-03-29,09:49:45
1398,499,248,[1 2 3 4 5 6 7],2259,326,78,710.9,2016-06-03,04:40:10
1399,332,248,[1 2 3 4 5],658,256,55,7.89,2016-06-03,04:40:10
1400,59,248,[1 2 3 4 5 6 7 8 9],2232,120,192,1151.47,2016-06-03,04:40:10
1401,413,248,[1 2 3 4 5],1120,33,60,28.13,2016-06-03,04:40:10
1402,75,248,[1 2],1217,88,155,14.91,2016-06-03,04:40:10
1403,456,248,[1 2 3 4 5 6],2307,340,129,909.43,2016-06-03,04:40:10
1404,318,248,[1],3811,461,49,226.26,2016-06-03,04:40:10
1405,126,249,[1 2 3 4 5 6 7],1249,327,88,19.67,2016-06-03,04:40:10
1406,493,249,[1 2 3 4 5],1021,92,71,61.94,2016-06-03,04:40:10
1407,313,249,[1 2 3 4 5 6 7 8 9],2493,382,190,18.73,2016-06-03,04:40:10
1408,498,249,[1 2 3 4 5],1889,110,212,11.85,2016-06-03,04:40:10
1409,83,249,[1 2],1964,376,207,32.07,2016-06-03,04:40:10
1410,86,249,[1 2 3 4 5 6],1131,131,143,15.6,2016-06-03,04:40:10
1411,363,249,[1],2837,426,108,14.73,2016-06-03,04:40:10
1412,32,250,[1 2 3 4 5 6 7],432,175,68,22.33,2016-06-03,04:40:10
1413,185,250,[1 2 3 4 5],2020,258,119,14.01,2016-06-03,04:40:10
1414,195,250,[1 2 3 4 5 6 7 8 9],52,283,13,39.57,2016-06-03,04:40:10
1415,97,250,[1 2 3 4 5],3197,308,130,110.68,2016-06-03,04:40:10
1416,254,250,[1 2],1032,214,6,171.25,2016-06-03,04:40:10
1417,406,250,[1 2 3 4 5 6],3161,285,225,426.6,2016-06-03,04:40:10
1418,219,250,[1],3751,297,77,31.77,2016-06-03,04:40:10
1419,176,251,[1 2 3 4 5 6 7],2886,471,174,4.62,2016-06-03,04:40:10
1420,12,251,[1 2 3 4 5],783,345,187,175.41,2016-06-03,04:40:10
1421,34,251,[1 2 3 4 5 6 7 8 9],2528,218,246,26.83,2016-06-03,04:40:10
1422,87,251,[1 2 3 4 5],3528,104,70,142.52,2016-06-03,04:40:10
1423,251,251,[1 2],1272,77,241,21.89,2016-06-03,04:40:10
1424,211,251,[1 2 3 4 5 6],1777,125,169,16.52,2016-06-03,04:40:10
1425,244,251,[1],1972,181,55,13.24,2016-06-03,04:40:10
1426,378,252,[1 2 3 4 5 6 7],197,83,248,11.21,2016-06-03,04:40:10
1427,109,252,[1 2 3 4 5],3648,155,30,64.21,2016-06-03,04:40:10
1428,321,252,[1 2 3 4 5 6 7 8 9],3061,68,171,30.46,2016-06-03,04:40:10
1429,193,252,[1 2 3 4 5],529,281,105,28.13,2016-06-03,04:40:10
1430,474,252,[1 2],2338,58,209,977.25,2016-06-03,04:40:10
1431,306,252,[1 2 3 4 5 6],3397,279,145,159.95,2016-06-03,04:40:10
1432,346,252,[1],1434,140,193,8.85,2016-06-03,04:40:10
1433,13,253,[1 2 3 4 5 6 7],3338,360,140,9.83,2016-06-03,04:40:10
1434,246,253,[1 2 3 4 5],1405,474,219,7.53,2016-06-03,04:40:10
1435,175,253,[1 2 3 4 5 6 7 8 9],532,168,63,15.25,2016-06-03,04:40:10
1436,85,253,[1 2 3 4 5],1044,390,113,83.77,2016-06-03,04:40:10
1437,239,253,[1 2],394,205,205,8.02,2016-06-03,04:40:10
1438,419,253,[1 2 3 4 5 6],2992,233,106,375.07,2016-06-03,04:40:10
1439,440,253,[1],372,29,33,20.39,2016-06-03,04:40:10
1440,299,254,[1 2 3 4 5 6 7],846,441,181,1269.62,2016-06-03,04:40:10
1441,334,254,[1 2 3 4 5],319,427,20,11.91,2016-06-03,04:40:10
1442,353,254,[1 2 3 4 5 6 7 8 9],187,379,59,18.64,2016-06-03,04:40:10
1443,494,254,[1 2 3 4 5],1912,151,111,19.97,2016-06-03,04:40:10
1444,486,254,[1 2],3053,4,211,21.86,2016-06-03,04:40:10
1445,164,254,[1 2 3 4 5 6],1187,5,119,1622.76,2016-06-03,04:40:10
1446,10,254,[1],1230,287,44,8.03,2016-06-03,04:40:10
1447,382,255,[1 2 3],1073,226,169,36.12,2003-01-16,06:50:16
1448,259,255,[1 2],1117,143,133,40.22,2003-01-16,06:50:16
1449,70,255,[1 2 3 4 5 6 7],591,373,65,13.64,2003-01-16,06:50:16
1450,415,256,[1 2 3],3479,36,74,23.86,2003-01-16,06:50:16
1451,437,256,[1 2],3030,432,142,31.14,2003-01-16,06:50:16
1452,478,256,[1 2 3 4 5 6 7],52,214,5,36.75,2003-01-16,06:50:16
1453,229,257,[1 2 3],3130,165,152,7.86,2003-01-16,06:50:16
1454,467,257,[1 2],2165,365,174,720.59,2003-01-16,06:50:16
1455,362,257,[1 2 3 4 5 6 7],1985,295,127,60.81,2003-01-16,06:50:16
1456,463,258,[ 1  2  3  4  5  6  7  8  9 10 11 12],228,62,244,2216.35,2013-05-19,08:47:22
1457,361,258,[1 2 3],1855,202,100,170.98,2013-05-19,08:47:22
1458,471,258,[1],3203,57,179,20.34,2013-05-19,08:47:22
1459,273,258,[ 1  2  3  4  5  6  7  8  9 10 11],795,358,90,1334.4,2013-05-19,08:47:22
1460,426,258,[1 2 3 4 5 6 7 8 9],972,239,140,46.34,2013-05-19,08:47:22
1461,135,258,[1],2570,111,227,71.23,2013-05-19,08:47:22
1462,322,259,[ 1  2  3  4  5  6  7  8  9 10 11 12],1509,335,57,23.06,2013-05-19,08:47:22
1463,129,259,[1 2 3],2742,120,205,71.51,2013-05-19,08:47:22
1464,142,259,[1],3388,132,230,31.71,2013-05-19,08:47:22
1465,391,259,[ 1  2  3  4  5  6  7  8  9 10 11],1023,431,146,31.85,2013-05-19,08:47:22
1466,261,259,[1 2 3 4 5 6 7 8 9],16,211,167,25.63,2013-05-19,08:47:22
1467,230,259,[1],2557,22,148,9.52,2013-05-19,08:47:22
1468,0,260,[ 1  2  3  4  5  6  7  8  9 10 11 12],284,397,34,5.63,2013-05-19,08:47:22
1469,133,260,[1 2 3],402,419,125,846.08,2013-05-19,08:47:22
1470,2,260,[1],1305,367,215,12.67,2013-05-19,08:47:22
1471,60,260,[ 1  2  3  4  5  6  7  8  9 10 11],589,206,142,17.65,2013-05-19,08:47:22
1472,78,260,[1 2 3 4 5 6 7 8 9],1393,183,28,37.07,2013-05-19,08:47:22
1473,103,260,[1],1725,0,109,17.82,2013-05-19,08:47:22
1474,113,261,[ 1  2  3  4  5  6  7  8  9 10 11 12],671,106,79,12.13,2013-05-19,08:47:22
1475,119,261,[1 2 3],3315,4,181,27.45,2013-05-19,08:47:22
1476,437,261,[1],2132,482,201,1054.39,2013-05-19,08:47:22
1477,397,261,[ 1  2  3  4  5  6  7  8  9 10 11],1145,301,174,44.76,2013-05-19,08:47:22
1478,264,261,[1 2 3 4 5 6 7 8 9],3807,291,179,16.21,2013-05-19,08:47:22
1479,138,261,[1],3186,228,6,43.35,2013-05-19,08:47:22
1480,396,262,[ 1  2  3  4  5  6  7  8  9 10 11 12],498,169,89,63.98,2013-05-19,08:47:22
1481,21,262,[1 2 3],1722,96,69,38.13,2013-05-19,08:47:22
1482,87,262,[1],3606,5,99,26.4,2013-05-19,08:47:22
1483,203,262,[ 1  2  3  4  5  6  7  8  9 10 11],1649,83,231,135.98,2013-05-19,08:47:22
1484,255,262,[1 2 3 4 5 6 7 8 9],915,30,236,14.0,2013-05-19,08:47:22
1485,32,262,[1],325,159,61,21.44,2013-05-19,08:47:22
1486,101,263,[ 1  2  3  4  5  6  7  8  9 10 11 12],860,309,223,73.91,2013-05-19,08:47:22
1487,75,263,[1 2 3],472,462,160,33.58,2013-05-19,08:47:22
1488,359,263,[1],774,311,134,63.22,2013-05-19,08:47:22
1489,64,263,[ 1  2  3  4  5  6  7  8  9 10 11],1719,403,55,11.77,2013-05-19,08:47:22
1490,201,263,[1 2 3 4 5 6 7 8 9],2144,288,19,288.2,2013-05-19,08:47:22
1491,178,263,[1],1498,184,217,88.34,2013-05-19,08:47:22
